2054 3642
282 231 530 306 HECYRA.
696 259 756 324 305

22 395 25 400 ¹
78 373 136 421 Non
146 369 234 436 mirum
243 367 297 420 fecit
307 387 379 429 uxor,
393 373 412 420 si
422 372 467 418 hoc
476 383 534 434 aegre
544 367 615 418 tulite

78 453 173 510 Amdrae
183 457 361 518 maduerunt,
371 475 422 508 non
432 457 502 516 facile
515 459 563 507 haec
576 457 664 507 ferunt.
772 469 821 516 7¹'0

78 552 202 614 Propterea
213 549 262 597 haec
273 551 307 597 ira
318 562 364 597 este
379 563 437 596 nanr
443 549 493 612 ipsa
504 550 607 595 narravit
616 547 692 594 mth:

77 637 105 686 Id
116 654 177 703 ego,
189 651 300 702 prasente
313 639 375 692 hoc,
390 635 434 684 tibi
447 634 557 683 nolebam
568 635 642 684 dicere
653 649 660 679 ε

75 733 158 796 Neque
167 733 188 780 ei
198 729 321 778 credebam
330 729 423 793 primo:
439 741 501 774 nunc
511 741 568 774 vero
578 726 657 791 palam
669 741 712 776 est.

73 820 140 868 Nam
153 821 253 867 omniuo
266 819 512 892 abhorrerelanimum
522 817 580 866 huic
591 817 662 869 video
673 833 686 868 a
698 833 759 883 nup·

140 909 189 958 tiis.
241 911 245 918 “

316 997 371 1044 LA
390 999 408 1043 C
426 995 480 1042 HE
498 997 519 1039 S.

73 1080 140 1143 Quid
147 1079 206 1149 'ergo
216 1097 285 1148 agam
292 1114 301 1140 ,
314 1080 442 1146 Phidippe!
457 1077 515 1146 quid
526 1077 567 1128 dac
578 1077 684 1128 consilii?
769 1089 814 1136 7¹5

266 1196 284 1240 P
301 1191 351 1238 H’I
367 1195 390 1239 D
407 1193 418 1236 1
434 1195 451 1238 P
467 1194 484 1237 Ρ
500 1195 523 1238 U
539 1195 563 1238 S.

70 1273 137 1340 Quid
148 1291 201 1342 agac
208 1283 216 1324 ἰ
223 1279 368 1327 meretricem
378 1276 439 1325 hanc
447 1277 551 1342 primum
562 1274 694 1326 adeundam
703 1291 757 1326 cen-

137 1377 191 1410 Sto:

68 1445 183 1490 oremus:
196 1459 326 1492 accusemus
336 1448 442 1510 gravius:
454 1445 556 1514 denique

68 1529 227 1584 Minitemur,
243 1531 262 1576 si
274 1543 328 1576 cum
340 1529 384 1576 iilo
394 1531 499 1579 habuerit
510 1549 559 1580 rem
568 1545 658 1596 postca.

173 1681 175 1688 Ι
312 1623 520 1670 LACHE&

66 1707 176 1764 Faciam„
188 1721 215 1756 ut
224 1721 315 1758 mones.
331 1711 404 1766 Puer,
420 1709 483 1768 eho,
498 1723 562 1758 cutte
575 1707 604 1757 ad
615 1709 754 1760 Bacchidem

136 1799 198 1846 hanc

64 1886 177 1938 vicinam
192 1903 297 1938 nostram
308 1903 314 1934 :
332 1889 378 1938 hac
389 1905 461 1940 evoca
471 1877 626 1943 verbis‘meis.
763 1902 811 1948 720

63 1980 94 2030 Et
106 1993 128 2027 te
142 1995 185 2028 oro
198 1996 268 2046 porro
279 1982 304 2029 iu
317 1981 361 2030 hac
375 1995 398 2028 re
411 1978 505 2045 adjutor
518 1982 548 2029 sis
561 1983 630 2030 mihi.

191 2107 194 2114 .
260 2080 277 2123 P
295 2080 318 2122 H
335 2083 346 2126 1
363 2082 385 2126 Ι)
402 2081 412 2123 1
431 2083 447 2126 P
463 2083 480 2126 1‘
496 2082 518 2128 U
536 2084 559 2128 S.

209 2227 211 2232 Α
644 2164 699 2221 Ah,

60 2241 212 2294 Iamdudum
223 2241 288 2302 dixi,
302 2245 431 2312 itidemque
441 2261 504 2296 nunc
514 2247 581 2308 dico,
595 2251 698 2318 Laches*

59 2337 164 2382 Manere
173 2328 311 2382 affinitatem
322 2336 382 2382 hanc
392 2337 453 2382 inter
461 2351 507 2384 nos
515 2336 573 2384 volo
582 2370 590 2394 ,

57 2423 86 2469 si
99 2419 152 2467 ullu
165 2421 243 2468 modo·
249 2433 283 2468 eet
292 2435 318 2467 ut
328 2424 413 2486 possiti
425 2422 490 2486 quod
502 2439 568 2486 spero
581 2423 641 2476 fore.

59 2505 109 2556 Sed
120 2505 186 2556 visne
199 2505 276 2554 adesse
289 2523 327 2556 me
340 2523 402 2565 una,
415 2509 472 2558 dum
485 2514 554 2560 istam
563 2513 700 2563 convenisi·
758 2536 805 2588 725,

307 2603 323 2646 L
341 2602 362 2646 Α
380 2603 399 2648 C
417 2603 440 2646 H
458 2604 474 2647 E
491 2606 512 2651 S.

58 2685 145 2734 Immo
157 2697 213 2730 vem
223 2683 279 2746 abi,
293 2685 397 2754 aliquam
409 2703 482 2755 puero
495 2693 610 2744 nutricem
625 2710 690 2760 para.

129 2765 194 2819 Tam.
209 2770 245 2822 u.
580 2780 619 2830 cc
