2118 3638
263 238 327 304 232
374 215 560 282 Pnnzn
599 215 844 284 Tenen-m

260 354 368 402 Haeccine
378 367 442 402 erant
458 354 541 401 itiones
552 352 652 408 ctebtae,
668 354 692 400 &
704 355 837 401 mansiones
850 353 946 406 diutina

261 444 359 490 Lemni!
370 444 476 491 Haeccine
484 455 545 500 etat,
556 456 707 508 quaenosttos
715 440 802 491 smnus
809 444 945 503 minuebat,
1042 473 1043 512 3

1042 517 1043 534 i

325 528 419 580 vinosi

478 612 500 656 D
518 612 535 656 E
552 613 580 657 M
597 612 607 656 1
624 613 642 656 1>
659 614 682 656 H
699 613 731 659 Ο.

187 695 327 764 1015E303
345 697 508 753 Nausistrata,
525 709 572 742 esse
583 697 608 741 in
622 696 667 744 hac
683 711 708 745 te
722 693 817 762 culpam
834 696 945 754 metitum

327 797 378 831 non
385 797 447 846 nego
457 813 465 838 ,

262 869 305 920 Sed
317 885 344 920 ea
354 873 411 936 quin
423 870 451 918 sit
462 866 614 934 ignoscenda.

478 984 496 1027 P
513 983 536 1028 H
553 985 575 1028 0
592 983 613 1028 R
630 980 659 1026 M
677 983 687 1026 1
704 982 737 1031 0.

619 1061 694 1112 verba
705 1057 766 1109 fiunt
774 1071 879 1116 mortuo.

480 1175 503 1220 D
520 1174 579 1218 EM
596 1174 607 1216 1
625 1174 642 1217 l'
658 1173 682 1216 H
698 1173 730 1219 0.

261 1261 325 1308 Nam
336 1273 411 1324 neque
419 1257 562 1323 negligentia
573 1274 630 1316 tna,
644 1275 721 1325 neque
731 1257 789 1308 odio
797 1257 822 1307 id
829 1257 884 1307 fecit
892 1271 943 1313 tuo.

260 1343 399 1394 Vinolentus
411 1343 459 1396 fere
475 1343 562 1393 abhinc
577 1361 652 1394 annos
665 1345 800 1414 'quindecim
816 1346 943 1396 muliercu-

325 1424 373 1472 iam

259 1518 316 1563 Eam
332 1515 467 1580 compressit
480 1513 543 1564 unde
564 1515 612 1564 haec
624 1529 680 1566 nate
696 1528 731 1564 est
736 1549 745 1575 ,
759 1529 834 1580 neque
849 1513 946 1580 postilla

325 1618 431 1668 unquam
443 1606 530 1670 attigit.

186 1708 246 1744 1020
261 1695 293 1741 Ea
305 1706 406 1742 mortem
420 1690 498 1741 obiit:
516 1708 528 1738 e
542 1691 621 1741 medio
634 1689 710 1750 abiit,
721 1692 763 1757 qui
773 1691 819 1742 fuit
830 1691 856 1738 in
868 1705 892 1738 re
902 1689 949 1744 hac

325 1779 453 1846 scrupulus.
516 1777 518 1783 “

259 1865 420 1926 Quamobrem
439 1874 535 1920 teoto,
555 1876 582 1910 ut
597 1859 645 1910 alia
660 1859 723 1910 fana
735 1872 776 1910 tua
789 1873 863 1922 sunt,
877 1877 950 1928 aequo

323 1954 404 2001 animo
416 1953 463 2000 hoc
472 1951 540 2002 fetas.

402 2065 795 2115 NAUSISTRATA.

258 2153 324 2215 Quid
334 2173 378 2223 ego
393 2172 459 2222 aequo
473 2155 570 2206 animo?
583 2158 654 2224 cupio
664 2157 750 2206 misera
760 2157 787 2204 in
800 2156 845 2204 hac
859 2170 882 2204 te
899 2157 952 2219 jam

324 2245 456 2312 defungier.

258 2325 303 2377 Sed
313 2329 371 2394 quid
382 2337 484 2395 sperem?
498 2343 565 2380 :etate
574 2343 645 2395 porto
657 2329 895 2394 minuspeccaturum
906 2341 956 2394 pu·

321 2423 389 2464 sem?

258 2505 313 2553 Iam
326 2517 378 2551 tum
392 2517 440 2553 erat
450 2521 533 2565 senex,
546 2508 648 2555 senecius
659 2507 678 2554 si
688 2505 832 2558 verecundos
843 2505 914 2559 facit.

183 2603 242 2651 ¹⁰25
259 2595 299 2642 An
305 2609 358 2642 mea
365 2592 455 2653 forma,
465 2610 595 2663 atqueaetas
604 2614 666 2649 nunc
672 2599 746 2668 magis
756 2599 887 2668 expetenda
895 2609 942 2653 est.

322 2680 458 2748 Demipho?

873 2761 950 2828 Quid

585 2845 601 2878 Β

971 2231 982 2252 -
