2118 3638
250 223 314 286 ru
349 208 648 304 anYuAnu
723 231 786 292 241

90 379 171 442 'sirm
184 381 214 462 in
228 401 264 442 eo
283 396 378 453 esset,
397 397 429 440 ut
445 381 539 442 celare
555 382 604 442 vix
617 401 704 464 posse
724 403 790 442 am·
815 423 817 438 .

104 483 178 568 plius
200 482 371 558 videretur,
398 499 513 564 sumpta
532 485 711 560 occasione,
736 504 790 565 per

72 568 76 576 ¹
104 581 281 646 sacrificandi
294 587 440 669 speciem,
454 583 492 644 ad
504 601 627 646 matrem
639 607 687 656 se,
700 605 789 648 ruram

105 691 237 750 omnium
261 706 357 748 rerum
379 690 549 760 consciam,
576 687 696 752 confert.
719 686 791 750 Post

103 793 167 854 dies
177 790 389 872 complusculos
403 794 490 852 mittit
499 792 648 867 Sostrata,
663 794 711 874 qui
724 812 792 854 earn

104 911 292 957 arcesserent.
313 882 538 977 Responderur,
551 913 693 978 aegrotarn
714 917 792 960 esse·
814 959 816 963 .

104 993 134 1056 It
148 1011 180 1056 ur
192 1014 258 1056 eam
272 992 375 1054 saltem
388 997 505 1057 viseret.
531 994 604 1058 Non
624 995 805 1058 admittitur.'
901 1027 905 1039 ·

69 1164 71 1167 .
104 1092 264 1174 Phidippus
274 1114 407 1154 accusare
417 1095 702 1168 uxorem‚&dicere
709 1097 793 1168 ‚haec

78 1191 83 1199 ’
104 1196 206 1256 omnia
225 1195 297 1282 illius
318 1195 400 1276 culpa
420 1197 598 1278 contingere.
616 1193 669 1257 Illa
687 1213 790 1258 contra

104 1315 244 1363 excusare
267 1318 319 1374 se,
339 1297 373 1360 &
392 1297 797 1384 culpamd'eprecari:'nullius

9 1455 11 1482 ,
101 1422 133 1464 se
146 1405 188 1468 rei
217 1407 364 1469 consciam
383 1425 467 1481 esse,
485 1426 535 1468 cur
549 1427 600 1468 sua
617 1403 809 1468 consuetudo
827 1411 831 1417 '

9 1491 10 1502 ἵ
106 1509 193 1580 nurui
218 1509 322 1570 odiosa
344 1500 408 1568 esse
431 1508 545 1570 debeat.
576 1507 690 1573 Interea
713 1508 797 1572 rediit
843 1586 846 1590 ¹
883 1524 886 1529 ’

108 1608 277 1689 Pamphilus
295 1651 306 1680 ,
334 1621 420 1688 atque
438 1609 478 1666 ita
497 1627 559 1668 sors
582 1609 667 1682 tulit,
685 1622 717 1666 ut
735 1623 795 1686 quo

106 1708 154 1769 die
166 1709 230 1788 ipse
242 1704 374 1784 Athnas
387 1706 519 1788 appulit,
534 1727 572 1768 eo
591 1709 673 1788 ipso,
692 1705 793 1775 Philu-
807 1750 810 1756 ·

107 1834 196 1877 mena
211 1829 295 1895 partu
307 1811 459 1879 levaretur.
483 1810 564 1875 Cirm
578 1814 663 1894 igitur
675 1810 794 1874 videndi

9 1943 10 1950 ¹
108 1915 229 2000 cupidus
247 1915 411 1999 (aegrotare
427 1918 503 1979 enim
518 1934 687 2001 acceperat,
708 1915 741 1980 &
754 1920 795 2004 ira¹
811 1962 815 1972 ,

108 2018 249 2090 amabat,
273 2033 308 2077 ut·
324 2009 373 2098 qui
392 2013 676 2102 vehementissime)
697 2019 794 2083 subito

40 2130 43 2137 '
108 2123 146 2185 ad
163 2119 235 2184 ¹eam
253 2123 396 2202 ingressus
415 2140 511 2198 esset,
530 2127 674 2206 peperisse
689 2127 794 2209 depre-

107 2226 220 2291 hendit.
243 2221 289 2283 Ibi
307 2244 375 2284 eum
388 2223 542 2307 Myrrhina
557 2244 711 2288 exeuntem
726 2249 805 2310 pronv

109 2345 229 2402 secuta,
243 2323 403 2387 lacrumans
414 2353 426 2401 ,¹
433 2326 574 2404 obtestari
584 2331 672 2410 coepir
682 2374 692 2405 ,
704 2349 796 2411 quan·

15 2444 17 2450 ’
108 2433 147 2494 do
161 2453 198 2494 ea
210 2449 256 2491 res
266 2427 335 2489 nihil
347 2429 401 2510 ipsi
416 2431 545 2492 nocitura
560 2447 656 2506 esser3
671 2453 707 2494 ne
720 2437 795 2499 rcci-

109 2549 192 2618 peret
213 2529 332 2612 quidem
354 2551 500 2607 uxorem,
522 2533 545 2594 si
563 2535 603 2594 ira
624 2531 795 2596 videreturt

110 2635 162 2700 sed
172 2652 271 2694 tamen
285 2654 321 2696 ne
335 2631 444 2698 famam
456 2635 529 2700 illius
539 2637 685 2721 proderet.
706 2633 750 2700 Ira
763 2657 794 2706 se

177 2730 243 2784 Tru·
257 2732 293 2783 ll.
640 2737 668 2788 Χ
