2154 3652
68 257 71 265 r

213 245 278 300 tn·
301 223 693 303 Prrourrrour'rr.
739 249 809 302 1211

117 401 247 484 phonem
257 423 264 461 :
276 399 389 461 frustra.
409 398 553 473 Athenis,
566 401 615 481 qui
628 419 809 482 quemquam

118 509 287 570 eonomine
301 521 421 578 nosset,
440 506 635 586 reperiebatur
645 527 743 568 nemo.
761 506 806 568 Ibi

117 629 213 676 mater
225 611 326 692 (tanta
340 631 407 672 eam
419 611 559 692 aegritudo
573 611 715 693 ceperat)
738 633 806 674 rno-

117 714 199 774 ritur.
221 711 256 773 Ei
269 711 354 772 fu'nus
370 711 428 771 un'a
441 733 506 772 cum
523 713 631 773 nutrice
647 731 806 792 procuran-

117 838 184 883 tem
204 817 343 879 Phanium
365 820 431 878 chm
456 815 626 898 adspexislet
653 817 807 898 Antipho,

116 921 217 982 subito
231 941 328 979 amore
340 919 413 978 illius
427 921 541 980 exarsit.
564 919 657 979 Venit
669 917 705 977 ad
718 920 810 978 nntri-

116 1044 187 1090 cern
199 1024 336 1106 postridie
346 1069 357 1097 ,
374 1041 406 1084 ut
418 1023 478 1104 ejus
492 1025 545 1086 sibi
555 1026 670 1106 copiam
682 1023 810 1099 faceret,

116 1135 287 1194 obsecrans.
316 1131 367 1192 llla
389 1153 444 1207 se,
463 1132 515 1191 nisi
538 1132 665 1212 puellam
688 1153 810 1192 uxorem

118 1240 258 1312 duceret,
269 1239 407 1299 fadluram
417 1258 514 1322 negat.
531 1239 574 1300 llli
585 1287 594 1316 ,
607 1242 671 1302 clun
686 1241 718 1300 &
730 1239 811 1322 quid·

118 1334 166 1394 vis
187 1331 280 1392 facere
300 1351 443 1414 cuperet,
468 1334 500 1394 δι
523 1351 637 1414 patrem
660 1335 811 1396 absentem

119 1449 290 1505 vereretur,
312 1436 452 1512 parasitus
480 1434 614 1494 Phormio
635 1433 691 1493 hoc
710 1439 811 1494 consi·

118 1532 196 1594 lium
206 1532 294 1593 dedit.
304 1533 365 1594 Lex
378 1551 438 1594 erat
447 1533 583 1608 Athenis,
594 1549 626 1593 ut
635 1535 719 1594 orbas
729 1534 813 1616 puel·

119 1635 164 1698 las
174 1681 185 1710 ,
197 1637 247 1718 qui
257 1639 297 1697 eis
308 1655 412 1718 genere
425 1637 548 1718 proximi
559 1653 674 1710 essent,
688 1636 812 1712 ducere,

121 1755 194 1808 aut,
213 1738 237 1796 si
257 1735 287 1796 id
306 1738 436 1814 nollent,
453 1738 555 1799 dotem
576 1739 616 1798 eis
637 1737 705 1798 dare
723 1759 815 1820 coge.

48 1881 53 1886 ·
121 1861 234 1908 rentur.
256 1849 339 1928 Ego,
357 1849 449 1930 inquit
468 1849 629 1929 parasitus,
650 1845 812 1920 simulabo,

122 1969 175 2014 me
192 1952 266 2032 patri
284 1953 400 2032 virginis
420 1953 545 2011 amicum
565 1949 670 2025 fuisse,
688 1949 813 2031 ideoque

122 2069 246 2114 eausam
265 2051 338 2112 illius
353 2055 498 2132 suscipere
515 2072 523 2113 :
546 2052 659 2112 vocabo
676 2068 705 2113 te
724 2053 753 2111 in
767 2050 814 2132 ju-

124 2149 257 2228 dicium,
274 2171 412 2236 tanquam
425 2154 498 2216 illius
509 2171 664 2237 cognatum
677 2199 686 2228 ,
703 2171 815 2216 tecum·

123 2264 186 2330 que
204 2249 270 2330 lege
288 2267 394 2333 agam,
413 2269 446 2311 ut
464 2272 530 2312 eam
543 2252 640 2312 ducas.
662 2249 711 2310 Tu
726 2253 765 2311 ita
785 2267 815 2310 te

127 2351 293 2430 defendes,
312 2371 344 2415 ut
361 2355 429 2414 mihi
448 2354 561 2415 facilem
575 2351 726 2414 villoriam
742 2371 816 2430 prae·

93 2485 96 2492 ·
128 2451 218 2528 beas:
233 2455 274 2514 ita
286 2453 525 2516 condemnabete.
547 2453 594 2516 Sic
607 2451 658 2514 fiet
667 2497 678 2532 ‚
695 2449 773 2511 ut&
783 2465 816 2510 tu
889 2447 892 2450 ’

131 2553 251 2634 potiaris
260 2554 330 2629 tud,
345 2555 467 2634 &patre
480 2577 596 2616 reverso
606 2593 614 2617 2
626 2569 757 2636 paratam
768 2569 817 2610 ex-

134 2657 315 2731 eusationem
337 2657 455 2722 babeas.
488 2655 534 2720 lta
553 2653 626 2717 fiunt
646 2653 763 2729 omnia,
785 2667 818 2715 ut

202 2759 267 2817 Tam,
282 2765 317 2815 11.
602 2776 604 2780 ’
672 2762 691 2811 L
