2118 3638
242 156 309 220 216
353 147 539 217 Pvim
575 143 823 216 Tui-mn

457 283 557 344 ΑΜ
573 285 583 329 1
600 285 617 329 ι)
635 283 707 330 iio,

784 366 847 428 Quid
857 377 908 420 est!
998 369 1001 382 '
1049 339 1050 372 ³

515 458 653 506 GETffi

240 549 263 596 Θ
273 543 398 604 omnium,
411 558 526 610 quantum
536 558 585 602 est,
596 545 638 610 qui
647 544 748 599 vivunt,
760 540 834 590 homo
844 539 927 590 homi·

304 645 363 680 uum
372 628 534 677 ornatissime!

178 707 226 754 8⁶0
240 715 304 764 Nam
322 715 372 762 sine
388 713 547 764 controversia
561 723 577 762 'a
596 711 647 762 Diis
661 710 724 762 solus
741 709 854 778 dingere,
867 713 922 760 An·

302 798 381 864 tipho.
434 800 437 804 ’
496 847 498 852 ,
967 786 970 793 ’

443 885 692 933 ANT1PHQ

236 972 274 1020 Ita
283 967 366 1021 velim.
383 967 442 1028 Sed,
454 965 496 1034 qui
507 968 566 1019 istuc
578 963 670 1017 credam
681 966 715 1014 ita
728 979 775 1013 csse
782 993 791 1022 ,
801 961 862 1012 mihi
871 959 921 1012 did
936 1018 946 1027 ,

300 1054 384 1106 velim.

506 1145 645 1193 GETAE

234 1217 305 1269 Satin'
316 1231 350 1270 est
357 1251 366 1279 ,
381 1220 401 1269 si
413 1233 437 1269 te
449 1219 582 1269 delibutum
596 1221 685 1286 gaudio
699 1221 788 1272 teddo!

451 1311 472 1358 A
490 1309 514 1356 N
530 1313 552 1356 T
568 1315 579 1358 1
596 1314 613 1357 P
629 1313 653 1358 H
670 1314 703 1360 Ο.

791 1398 884 1449 Eneca.

441 1483 457 1528 1³
475 1484 498 1528 H
515 1484 537 1529 0
554 1485 575 1532 R
592 1487 620 1532 M
638 1487 697 1534 10.

232 1559 298 1623 Quin
307 1574 333 1611 tu
349 1560 406 1612 hinc
422 1564 605 1630 pollicitationes
621 1568 702 1630 aufer,
716 1573 758 1628 dt,
773 1569 838 1636 quod
851 1567 916 1628 fers,

780 1654 847 1706 ced0.

505 1747 526 1792 G
543 1745 559 1792 E
576 1745 596 1790 T
608 1746 638 1793 A.

858 1835 912 1884 Oh!

228 1917 265 1965 Tu
275 1930 368 1983 quoque
378 1915 417 1966 hic
426 1917 522 1975 ederae,
532 1919 659 1969 Phormio?

443 2014 497 2059 PH
515 2013 537 2058 O
555 2016 576 2062 R
593 2017 620 2060 M
637 2017 648 2060 1
665 2017 697 2062 Ο.

643 2097 762 2148 Aderam:
774 2091 814 2144 sed
824 2102 913 2146 cessae!

497 2185 517 2229 G
533 2186 550 2231 Ε
566 2185 587 2230 Τ
602 2183 634 2231 Λ.

731 2258 831 2323 Accipe,
842 2259 912 2309 hem.

165 2345 210 2408 δός
225 2345 257 2391 Ut
269 2340 344 2391 modo
354 2355 477 2408 argentum
487 2343 594 2396 dedimus
606 2343 651 2394 tibi
661 2344 723 2411 apud
736 2341 829 2402 fotu'm,
847 2345 913 2395 resta
988 2373 993 2380 ·

288 2429 388 2479 domum

220 2519 304 2571 Sumus
313 2521 430 2585 profedie
445 2526 534 2575 interea
543 2526 618 2575 mittit
634 2526 703 2576 herus
712 2541 750 2574 me
765 2521 795 2572 ad
808 2539 910 2576 uxorem

283 2612 365 2650 tuam..

750 2689 909 2742 ANTIPHO.
