2118 3638
282 205 585 274 Prococus.
704 223 766 292 ²45

88 345 179 403 lnhis,
192 344 363 410 qussprirnum
379 343 471 394 Caecilii
479 343 553 393 didici
568 356 658 401 novas,

87 433 175 496 Partim
187 446 238 480 sum
250 433 329 480 sertim
344 434 452 491 exactus,
466 435 553 498 partim
568 433 609 481 vix
623 431 695 482 steri:
787 445 813 491 ¹5

87 521 151 580 Quia
161 517 249 567 seibsrlr
259 517 356 566 debiam
367 516 490 568 fortunam
503 535 550 568 esse
563 518 696 577 scenicam,
771 571 774 577 ,

4 645 7 656 .
87 615 130 677 Spe
140 611 228 662 incerta
236 644 245 670 ,
259 627 347 663 certum
360 613 422 662 rnihi
436 611 543 660 laborem
552 612 644 662 sustuli.

86 696 185 746 Easdem
193 713 259 763 egere
269 700 329 763 coepi
339 729 347 754 ,
358 709 384 745 ιιι
395 695 424 744 ab
435 696 520 746 eodem
529 696 586 745 alias
596 696 709 746 discerem

87 785 170 836 Novae
180 783 298 845 studiose,
311 801 341 835 ne
351 785 422 836 illum
431 785 461 835 ab
470 785 550 835 studio
560 785 708 836 abducerem.

87 873 175 924 Perfeci
185 889 212 923 ιιι
221 878 386 940 spectarentur.
404 873 453 923 Ubi
462 877 638 942 sunrcognicae,
784 885 814 920 ιι

87 959 180 1010 Placitae
189 972 252 1010 sunt.
268 963 305 1008 lte
314 965 411 1008 Poe'cam
423 958 511 1007 restitui
523 960 549 1005 in
561 956 655 1017 locum,

86 1046 162 1104 Prope
171 1045 220 1104 jem
229 1053 347 1088 remotum
359 1040 445 1104 injuria
455 1036 613 1090 adversarium

85 1131 125 1181 Ab
133 1129 213 1179 nodio
221 1161 230 1187 ,
239 1140 309 1194 arque
317 1127 347 1176 ab
357 1126 452 1190 labore,
466 1141 537 1194 atque
547 1140 594 1176 arte
603 1125 702 1176 musica.

87 1216 187 1280 Quodsi
197 1219 332 1283 scripturam
342 1218 478 1282 sprevissem
487 1219 513 1266 in
525 1217 657 1282 presentia,
671 1217 697 1263 bc

88 1313 117 1356 ln
127 1307 266 1358 deterrendo
278 1306 405 1358 voluissem
417 1321 513 1372 operam
524 1321 629 1363 sumere,
783 1339 812 1384 ²5

87 1395 122 1439 Ut
135 1391 160 1438 in
172 1392 223 1438 orio
234 1404 308 1446 ester,
321 1391 480 1456 potiusquam
490 1392 516 1438 in
530 1391 640 1456 negocior

88 1477 257 1524 Deterruissem
270 1473 377 1524 facilene
389 1474 446 1522 alias
458 1475 574 1523 scriberet.

88 1559 160 1603 Nunc
167 1554 224 1621 quid
231 1569 325 1620 petam,
336 1570 388 1603 mea
395 1569 476 1613 causa,
487 1571 555 1620 :quo
562 1558 642 1604 animo
651 1554 774 1605 attendite.

88 1648 207 1703 Hecyram
216 1641 297 1692 advos
307 1639 398 1700 refero,
413 1656 484 1706 quam
495 1643 557 1690 mihi
565 1659 606 1708 per
615 1643 736 1694 silentium

86 1734 220 1797 Nunquam
229 1747 298 1798 agere
311 1729 403 1782 licitum
415 1745 465 1784 este
479 1731 514 1782 ira
526 1747 579 1782 earn
590 1733 702 1798 oppressit
712 1731 775 1782 cela·

60 1814 62 1819 '
154 1809 238 1856 mitae:
462 1849 464 1854 ,
512 1845 515 1854 ,
716 1849 718 1854 ,
790 1840 819 1886 3„

54 1945 57 1952 Ι
88 1893 147 1939 Eam
156 1889 316 1938 calamitatem
326 1903 402 1940 vestra
411 1891 570 1959 intelligentia

89 1975 200 2035 Sedebit,
212 1981 283 2028 eiecit
293 1979 627 2045 adjutrixnostraeindustriae.

89 2059 261 2126 cumprimum
270 2079 322 2112 eam
333 2080 401 2130 agere
410 2069 469 2132 coepi
478 2065 606 2130 ,pugilum
615 2063 708 2132 gloria,

14 2189 16 2196 .
89 2151 230 2200 Funambuli
241 2151 325 2200 eodem
335 2155 427 2202 accessit
440 2155 584 2217 expectatio:

90 2239 216 2286 comitum
230 2251 377 2295 conventus,
390 2236 514 2295 studium,
532 2237 622 2288 clamor
634 2237 761 2290 mulierum
790 2269 817 2318 ,ς

90 2327 171 2373 Fecere
179 2355 188 2380 ,
202 2336 229 2370 ut
239 2337 293 2374 ante
302 2337 393 2389 tempus
402 2327 490 2374 exirem
497 2321 570 2373 foras.

90 2411 190 2462 Vetere,
204 2405 230 2452 in
239 2419 321 2463 nova,
332 2407 393 2471 coepi
406 2407 441 2454 uti
455 2404 623 2456 consuetudine
629 2437 640 2465 ,

91 2496 120 2542 In
130 2491 272 2558 experiendo
284 2507 310 2542 ut
320 2508 402 2545 essem.
419 2494 506 2544 Refero
513 2493 606 2543 denuo:

92 2581 171 2628 Primo
180 2581 232 2628 airu
241 2577 339 2644 placeo:
351 2578 405 2629 crim
419 2581 508 2630 interea
521 2595 602 2630 rumor
615 2581 681 2631 venit

93 2669 184 2719 Durum
195 2667 224 2716 iri
233 2665 382 2732 gladiatores.
401 2668 503 2734 Populus
512 2667 641 2721 convolare
788 2698 819 2743 4⁶⁹

581 2757 607 2803 Χ
626 2772 637 2818 s
