2118 3638
233 209 781 312 uoflAnGUMENTUM

234 373 296 437 sola
326 375 442 434 conscia
469 395 530 435 erat
554 373 642 435 liliam
668 373 684 440 'e
705 399 806 458 stupro
826 379 929 460 gravi.

235 477 302 537 dam
313 500 393 546 esse,
403 483 615 556 quamprimum
628 503 692 539 eam
704 485 847 542 collocare
859 503 929 558 pro·

234 581 372 660 perabat:
394 597 448 654 ut,
466 583 489 639 si
508 579 582 640 forte
602 603 669 662 post
683 585 792 664 aliquot
806 605 925 644 menses

234 699 369 763 pareret,
382 685 506 761 nuptiis,
518 684 766 762 quemadmodum
780 707 857 765 saepe
868 685 926 764 fit,

234 784 419 864 obtegeretur
444 801 582 862 stuprum.
624 784 741 846 Cecidit
763 809 806 848 res
834 788 924 870 longe

235 889 317 950 aliter
342 910 374 948 ac
402 890 564 969 putabatur.
594 888 707 950 Etenim
735 892 924 975 Pamphilus,

235 997 283 1074 qui
297 995 481 1050 invitissimus
495 991 646 1069 adjecisset
664 995 790 1051 animum
808 994 847 1051 ad
860 1015 924 1056 rem

236 1102 384 1170 uxoriam,
404 1102 509 1183 quique
528 1099 651 1158 avellere
672 1085 885 1179 se'derepente
905 1123 922 1163 a

236 1197 386 1264 Bacchidis
409 1224 506 1263 amore
530 1224 588 1262 non
611 1221 732 1284 posset,
752 1207 790 1262 ita
815 1205 923 1264 dormit

235 1327 301 1366 cum
325 1300 435 1378 uxore,
458 1325 489 1365 ut
506 1327 571 1364 earn
594 1327 630 1365 ne
652 1307 776 1384 attigerit
793 1291 922 1382 quidem.

237 1409 375 1480 Bacchis,
387 1408 484 1492 qnod,
499 1409 533 1468 eh
546 1409 633 1481 vivl,
647 1426 793 1489 nunquam
807 1427 837 1467 se
849 1427 923 1466 uxo·

236 1531 296 1574 rern
312 1495 482 1583 ducturum,
502 1533 580 1590 saepe
602 1514 627 1570 ei
646 1515 817 1592 promiserat
839 1509 922 1568 Pam·

236 1615 348 1696 philus,
368 1615 535 1674 nonnullam
556 1615 607 1672 sibi
629 1615 665 1672 ab
678 1635 714 1672 eo
728 1608 833 1671 fallam
847 1613 922 1687 inju-

229 1717 923 1800 ‘riamputaas‚multoeiminusquamsolebat‚

235 1821 348 1902 placida
372 1820 403 1880 δι
424 1821 586 1898 obsequens
601 1808 776 1899 essue-coepit.
806 1815 849 1873 Eo
862 1813 923 1873 fac·
1014 1802 1018 1812 ⁵

236 1939 298 1983 tum
312 1941 374 1993 est,
394 1941 425 1980 ut
439 1923 599 2000 Pamphilus
615 1925 641 1980 ei
655 1941 684 1978 se
699 1918 838 1997 paulatim
855 1917 923 1977 sub·

237 2025 923 2108 duxerit‚quarnquepriusspemehatuxorem,'

238 2124 299 2203 ejus
323 2125 472 2186 mirificum
500 2129 645 2209 quendam
670 2147 799 2185 amorem
825 2131 922 2186 anirn'o

237 2235 412 2311 conceperit.
426 2230 537 2290 lnterea
547 2228 685 2310 quiddam
694 2229 814 2296 accidit,
830 2249 861 2288 ut
871 2233 923 2289 iter

238 2339 393 2415 Pamphilo
415 2339 443 2395 in
466 2335 592 2394 lmbrum
607 2353 692 2395 esset.
721 2333 853 2394 Profesto
867 2356 921 2410 eo,

172 2465 176 2474 ·
238 2435 426 2512 Philumena,
446 2459 509 2519 qrrae
532 2445 718 2500 intumescere
738 2444 790 2501 sibi
808 2461 922 2503 uterum

219 2527 223 2534 ¹
238 2543 373 2618 sentiret,
389 2541 610 2614 cimeliorum,
627 2559 690 2600 turn
708 2564 805 2602 socrus
825 2545 852 2600 in
867 2543 922 2622 pri·

192 2679 193 2685 κ
237 2642 292 2706 mis
308 2662 369 2705 suae
385 2645 570 2728 conspeelum
590 2644 768 2726 refugiebat.v
784 2642 921 2705 Tandem

867 2753 920 2792 eun
