2118 3638
183 199 253 265 254
296 176 480 244 Punrrr
517 173 765 241 anrnnrrr

390 312 446 360 ΡΔ
465 313 487 360 k
502 313 530 357 M
546 313 563 358 Ε
580 311 605 356 N
622 313 653 360 Ο.

633 391 765 453 Quotidiee

184 485 239 545 sed.
255 498 281 535 ut
294 482 339 544 lit,
354 495 480 551 postquam
490 480 554 530 hunc
563 478 667 530 alienum
676 480 706 529 ab
714 496 762 530 rere
770 478 854 542 videt,

184 575 293 642 Maligna
301 573 395 632 multo,
405 574 430 620 nr
440 573 515 637 magia
524 585 610 637 procax
619 570 683 622 fa&
693 569 758 621 illico
767 585 811 622 eat.

394 687 451 733 ΡΗ
468 687 479 730 1
496 687 514 732 L
532 687 555 731 0
571 687 592 731 T
608 685 619 730 1
637 687 659 734 S.

128 785 174 826 rao
186 774 244 822 Non
253 769 308 840 epol
316 770 414 820 moun.

399 861 416 906 P
433 859 454 906 Α
470 860 493 908 R
510 859 538 905 M
554 859 570 904 E
586 857 611 904 N
627 859 661 905 0.

430 948 509 1010 Atque
518 957 545 991 ea
557 958 591 991 res
603 940 681 991 multo
691 941 794 992 maxime

185 1027 307 1094 Disiunxit
320 1025 390 1077 illtun
403 1026 433 1076 ab
446 1027 505 1082 illa,
518 1041 643 1094 postquam
656 1025 682 1073 ἃ
696 1026 745 1090 ipae
758 1040 798 1084 se,

187 1115 215 1160 Et
225 1111 308 1170 illam,
322 1114 348 1160 &
361 1113 435 1170 hanc,
447 1111 574 1178 quadomi
583 1125 648 1170 erat,
658 1112 852 1176 eognovimus,

187 1205 226 1255 nd
236 1207 369 1271 exemplum
378 1207 500 1256 ambarum
509 1221 587 1256 moret
599 1221 679 1256 earum
690 1208 814 1256 tettitnane.

187 1292 258 1348 Hac,
269 1293 303 1339 ita
312 1292 347 1339 uti
358 1289 450 1339 liberali
464 1306 510 1338 esse
523 1292 622 1358 ingenio
635 1291 717 1350 decet,

130 1380 159 1421 ¹⁶
164 1385 174 1432 5
188 1374 278 1428 rudens·
285 1409 293 1435 ,
306 1377 429 1436 modesta,
443 1377 597 1428 incommoda
610 1393 682 1444 atque
694 1378 788 1444 injuriae

187 1464 238 1511 Viri
247 1477 329 1512 omnes
337 1459 415 1522 ferre,
426 1465 451 1512 &
460 1477 537 1530 tegere
546 1467 710 1519 contumelias.

187 1548 233 1600 l-llc
243 1554 335 1603 animos
346 1555 433 1620 partim
446 1557 525 1607 uxoris
537 1558 697 1607 misericordia

187 1643 315 1692 Devinctue
324 1675 332 1701 ,
342 1645 432 1711 ,partim
445 1646 521 1695 vinus
534 1647 603 1710 hujus
616 1646 707 1709 injuriis
712 1675 723 1703 ,

186 1735 305 1786 Paulatim
319 1737 408 1804 elapsus
421 1752 455 1788 ear
468 1737 591 1794 Bacchidi,
600 1750 670 1803 atque
681 1734 738 1783 huic
749 1732 870 1784 transtulit

130 1833 177 1882 ¹7⁰
187 1827 318 1885 Amorem,
334 1841 459 1892 postquam
470 1841 514 1892 par
526 1825 649 1890 ingenium
662 1821 743 1872 nastua
755 1837 798 1875 est.

187 1911 278 1958 Interea
293 1911 319 1957 in
333 1911 415 1958 Imbro
427 1909 526 1958 motitur
537 1923 651 1974 cognatur
663 1925 732 1959 senex

186 1997 310 2042 Hotunc'r
326 2010 354 2044 ea
368 1994 399 2043 ad
411 1995 454 2043 hos
467 1992 556 2043 redibat
569 1995 620 2061 lege
633 1994 757 2046 hereditas.

187 2083 221 2130 Eo
233 2091 353 2128 amantem
366 2063 469 2130 invitum
483 2081 635 2148 Pamphilum
647 2079 747 2132 eatmdit
762 2093 836 2146 pater.

186 2165 295 2230 Reliquit
307 2179 363 2214 curn
376 2181 451 2215 marte
465 2163 505 2213 hic
517 2181 633 2216 uxorem:
649 2183 706 2218 nant
719 2184 788 2220 senex

131 2258 173 2307 ¹75
186 2255 235 2303 Rue
249 2251 342 2304 abdidit
355 2269 394 2305 ter
407 2255 454 2304 huc
466 2269 520 2304 raro
534 2256 560 2304 in
572 2256 655 2307 urbem
668 2273 794 2312 commeat.

396 2361 413 2407 Ρ
429 2363 453 2408 Η
471 2365 480 2408 l
499 2363 516 2408 Ι,
532 2365 555 2408 O
570 2366 591 2409 T
609 2364 618 2408 l
634 2369 656 2412 8.

185 2441 252 2502 Quid
265 2442 344 2494 adbuc
357 2443 601 2495 habenrinirmitatie
614 2449 717 2515 nuptie!
784 2475 785 2478 ¹

263 2523 265 2528 ’
399 2538 658 2592 titutum

185 2619 257 2668 niune
265 2615 354 2670 audio.
369 2621 474 2672 Primum
482 2621 533 2676 dier
544 2611 716 2692 corlrplurruloa
