2100 3660
345 253 406 310 ru
430 241 743 315 AnenPnosi
862 269 884 330 7

191 427 231 472 ex
256 425 317 490 quo
344 407 503 470 sciscitatus
532 405 570 470 de
589 405 672 480 filio,
691 406 794 489 accipit
823 425 884 468 non

190 533 257 576 esse
276 512 343 572 ruri.
365 510 459 572 Redit
471 511 509 572 ad
522 511 651 596 Syrum,
673 535 690 574 a
709 533 769 596 quo
782 515 810 575 ei
821 534 884 576 rur·

192 636 241 676 sus
259 632 371 676 novum
386 612 590 687 mendacium,
610 613 692 676 velut
707 611 769 674 offa
780 613 811 674 in
826 633 882 690 os,

190 734 228 776 ne
243 712 379 788 latraret,
397 711 540 790 objicitur.
569 711 686 794 Quaerit
701 715 750 776 ubi
762 713 882 778 fratrem

190 822 316 902 reperite
332 820 445 901 possit:
466 820 497 880 id
516 839 589 881 vero
606 821 648 882 ita
667 822 806 884 indicavit
820 823 881 906 Sy·

191 944 259 998 rus,
277 939 311 984 ut
328 921 427 984 infelix
439 939 547 994 senex,
560 919 632 984 dum
648 921 723 984 iliius
737 925 832 986 verbis
844 925 880 988 fi·

190 1024 261 1086 dem
279 1025 389 1093 habet,
408 1024 602 1104 nequicquam
621 1041 710 1084 omne
736 1025 878 1106 oppidum

189 1128 407 1207 perreptsverit.
437 1123 553 1185 Interea
577 1121 671 1184 Micio
689 1127 821 1188 omnium
839 1129 879 1191 ab

188 1223 325 1306 Hegione
345 1224 450 1284 certior
469 1220 559 1282 tatius
578 1265 589 1295 ,
613 1223 736 1303 ipsemet
755 1225 793 1288 ad
808 1247 877 1288 mu.

187 1328 269 1392 lieres
290 1325 455 1409 profedius,
473 1322 602 1402 jacentes
621 1321 682 1402 jam
702 1325 734 1388 du
755 1325 875 1390 nffliiiss

186 1453 347 1508 erexerat,
376 1434 504 1494 labantes
529 1431 563 1492 δι
591 1430 692 1494 dubios
717 1431 873 1496 condrino-

185 1559 292 1616 verat,
314 1542 427 1604 tristitia
449 1561 484 1602 ac
505 1558 632 1602 moerore
653 1537 799 1602 confodies
822 1561 871 1604 te-

182 1665 354 1720 creaverat,
379 1647 521 1730 pollicitus
550 1665 581 1706 se
607 1642 748 1706 AEschino
786 1649 872 1708 Pam.

182 1755 294 1839 philam
313 1772 436 1814 uxorem
455 1750 600 1814 daturum.
628 1749 722 1812 Venit
743 1749 871 1813 Demea.

184 1859 336 1930 Clamor,
360 1855 509 1937 jurgium,
536 1857 677 1920 convicit.
717 1862 810 1920 Etiam
833 1879 871 1920 eo
933 1939 936 1948 Ἰ

181 1978 345 2049 praesente,
366 1959 496 2022 servulus
514 1961 634 2042 quidam
656 1961 870 2044 Ctesiphonem

180 2093 234 2156 per
253 2068 477 2152 imprudentiam
491 2071 633 2130 nominat.
657 2067 709 2131 lile
731 2070 798 2131 cium
816 2091 867 2132 su-

178 2178 243 2239 bito
269 2195 321 2256 per
344 2174 407 2234 vim
431 2175 462 2233 in
488 2174 565 2236 aedes
590 2176 757 2255 irmpisset,
778 2195 868 2258 quem

178 2281 352 2364 jampridem
372 2277 493 2360 putabat
515 2279 573 2338 ruri
590 2277 716 2356 fodere,
735 2297 785 2342 eut
804 2303 869 2344 nrt·

177 2398 229 2453 re,
248 2396 299 2440 aut
314 2380 422 2462 aliquid
435 2379 508 2441 ferre
527 2378 672 2460 denique,
693 2401 761 2442 enm
782 2401 868 2444 secu·

176 2476 297 2538 bentem
316 2503 383 2542 cum
398 2485 512 2556 amica,
535 2480 568 2543 δι
590 2483 717 2542 suaviter
738 2484 866 2563 pntitsn·

176 2599 239 2646 tem
257 2586 457 2669 deprehendit.
488 2588 533 2651 lbi
557 2611 629 2653 vero
651 2607 732 2652 tanta
753 2593 868 2654 iracun-

162 2691 225 2784 dia
246 2692 380 2758 incitatus
403 2710 477 2773 est,
505 2714 539 2760 ut
560 2697 683 2763 tederet.
715 2697 790 2762 Satis
813 2698 865 2762 diu

660 2799 684 2844 Α
701 2814 717 2859 4
