2054 3642
261 202 511 275 HEchA.
677 233 750 300 303·

58 343 184 394 numero
194 359 287 410 prorsus
298 350 346 412 jam
356 361 430 396 tacere
439 363 490 398 non
498 365 574 415 queot

56 433 122 484 Natu
131 433 195 496 cogis
204 446 246 488 ea,
258 447 309 498 quae
320 431 392 491 nolo,
406 447 431 481 ut
440 449 551 498 ptaesente
562 434 609 488 hdc
618 437 711 508 loquar.

37 548 40 552 ·
57 527 170 586 Ignarum
181 538 257 573 censes
270 539 364 574 tuarum
378 525 526 575 lacrimarum
538 541 646 580 esseme?
753 539 769 578 6
772 545 800 592 75

56 619 118 673 Aut,
130 617 187 683 quid
199 620 228 665 sit
236 615 277 674 id,
289 615 355 683 quod
365 615 483 665 solicitete
491 615 521 665 ad
530 617 594 662 hunc
604 613 717 665 modum?

56 704 161 750 Primum
175 704 235 750 hauc
248 700 288 750 ubi
301 701 361 750 dixti
370 717 479 760 causam,
491 718 514 751 te
524 715 618 768 psopter
629 715 697 752 tuam

58 795 162 842 Matrem
171 807 221 840 nun
231 808 299 857 posse
313 791 397 864 habete
411 793 473 840 hanc
486 805 584 839 uxorem
597 789 679 846 domii

58 880 169 929 Pollicita
179 895 212 930 est
223 897 265 938 ea,
278 897 302 929 se
312 894 473 928 concessuram
486 895 515 927 ex
528 877 625 927 aedibus.

58 966 147 1021 Nunc,
161 978 290 1030 ,postquam
302 964 436 1030 ademptam
451 965 619 1032 huncquoque
633 965 677 1014 tibi
691 981 745 1016 cau·

125 1064 176 1098 sam
187 1049 267 1109 vides,
755 1059 808 1110 530

55 1146 117 1191 ,Puer
126 1138 251 1205 quisdam
261 1154 284 1189 te
295 1153 329 1188 est
339 1153 423 1197 natus,
437 1141 517 1188 stadius
530 1137 628 1188 alteram
640 1157 673 1189 es.

58 1237 142 1291 Erras,
154 1236 190 1282 tui
200 1235 273 1282 animi
283 1236 302 1281 si
312 1249 350 1282 me
361 1250 407 1281 esse
420 1234 528 1296 ignarum
540 1247 616 1296 putas.

58 1322 303 1398 Aliquando'tandem
314 1321 360 1372 huc
369 1323 475 1370 animum
487 1336 513 1369 ut
523 1321 624 1369 adducas
637 1334 722 1379 tuum,

54 1423 139 1476 Quam
148 1416 247 1485 longum
256 1419 357 1484 spatium
367 1415 464 1468 amandi
474 1417 576 1469 amicam
588 1415 632 1463 tibi
642 1414 711 1464 dedi!

55 1512 186 1574 sumptus,
204 1523 264 1574 quos
281 1506 357 1554 fecisti
374 1507 399 1551 in
416 1519 468 1552 eam
476 1535 485 1560 ‚
497 1520 569 1568 quam
583 1506 665 1554 animo
678 1518 745 1570 aequo

128 1593 189 1643 tuli!
759 1588 814 1660 ὀὴ,

59 1681 103 1748 Egi
113 1695 182 1746 atque
192 1677 257 1727 oravi
269 1690 363 1733 tecum,
374 1689 471 1722 uxorem
481 1687 507 1722 ut
517 1674 620 1724 duceres.

58 1771 163 1830 Tempus
174 1762 233 1812 dixti
243 1777 304 1811 esse:
315 1758 417 1826 impulsu
427 1756 514 1805 duxisti
524 1773 579 1806 meo
589 1772 595 1802 ι

59 1850 200 1903 Quacum,
216 1845 338 1894 obsecutus
349 1841 427 1897 mihi,
440 1837 515 1888 fecisti
528 1853 554 1888 ut
568 1838 683 1888 decuerat.

60 1937 135 1983 Nunc
146 1933 253 1981 animum
264 1943 354 1984 tursum
364 1926 393 1976 ad
406 1909 552 1976 meretricem
563 1926 656 1976 induxti
665 1939 750 1976 tuumt

59 2021 109 2070 Cui
119 2034 145 2069 tu
155 2017 292 2073 obsecutus,
304 2015 360 2065 facis
370 2017 426 2066 huic
437 2017 496 2066 adeo
507 2017 628 2081 injuciam.
756 2023 814 2085 ῳ

59 2114 128 2161 Nam
137 2109 164 2158 in
172 2109 271 2161 eandem
283 2109 358 2164 vitam
369 2123 392 2160 te
404 2108 539 2164 revolutum
550 2111 628 2162 denuo

57 2199 141 2255 Video
153 2214 209 2249 esst.

250 2311 267 2354 P
282 2309 303 2356 Α
320 2311 347 2356 Μ
365 2311 381 2356 Ρ
398 2310 421 2358 H
438 2309 449 2354 1
465 2309 483 2356 1.
499 2311 523 2364 U
540 2314 563 2360 s.

227 2401 317 2454 Mduei

251 2534 254 2540 ·
309 2513 326 2556 L
344 2512 363 2557 A
381 2513 400 2557 C
418 2511 471 2557 HE
488 2511 509 2556 S.

323 2603 357 2648 Te
368 2601 459 2665 ipsum:
473 2601 498 2646 dc
510 2597 567 2646 facis
575 2597 702 2666 injuriata,

62 2688 189 2756 conficitis
201 2686 271 2740 falsas
281 2701 360 2744 cauus
371 2687 400 2739 ad
411 2685 570 2746 discordiam,
