2118 3638
225 208 293 268 226
337 198 524 268 Pvurrr
563 194 806 273 Zurrurrr

224 305 321 388 urerer.

433 417 452 464 1’
468 417 491 464 Η
508 417 531 464 0
546 417 569 464 R
585 417 614 463 M
631 419 641 463 1
658 421 692 470 o.

354 510 389 558 At
401 520 441 566 at,
452 507 498 556 nisi
509 505 570 555 mihi
579 508 712 573 prospicio,
722 509 814 562 hereo-e

164 593 196 646 5⁶
201 599 210 646 5
226 597 258 648 lii
270 595 412 664 gladiatorio
420 597 502 646 auimo
514 595 544 644 ari
553 611 593 644 me
604 591 715 645 affeilant
725 597 801 648 viam.

442 688 463 734 C
481 688 504 731 H
521 686 621 733 REM
638 687 655 732 Ε
671 687 698 734 S.-

227 779 260 826 At
271 790 352 827 vereor
362 788 388 825 ut
397 773 483 841 placari
492 775 573 840 possit.

444 869 695 918 DEMIPHOE

580 957 647 1003 Bono
658 954 741 1004 animo
750 969 790 1004 ess

227 1043 276 1106 Ego
286 1038 392 1106 redigam
401 1055 444 1091 ros
457 1039 483 1088 iu
494 1038 612 1107 gratiam,
627 1039 674 1089 hoc
685 1037 774 1094 fretus,
786 1038 915 1102 chremes,

227 1122 290 1174 crire
299 1140 312 1175 s
321 1123 403 1174 uredio
413 1125 508 1176 excessit
514 1155 524 1183 ,
538 1121 602 1174 unde
613 1123 663 1172 het
672 1135 775 1191 suscepta
784 1133 818 1174 est
827 1121 881 1175 tibi.

443 1233 462 1278 Ρ
478 1233 503 1278 H
518 1232 541 1278 0
558 1231 580 1279 R
596 1231 625 1277 M
642 1232 653 1278 Ι
671 1234 705 1280 0'.

227 1317 294 1370 Itloe
303 1333 397 1370 metum
407 1319 491 1384 agitis?
502 1319 557 1366 satis
566 1330 642 1367 astute
651 1317 808 1385 aggredimini
817 1331 825 1365 s

168 1431 215 1479 970
228 1409 285 1458 Non
295 1406 372 1470 hercle
381 1423 413 1456 est
421 1422 444 1456 re
456 1405 522 1455 istius
530 1421 569 1455 me
581 1405 715 1473 instigasti,
729 1405 859 1471 Demipho.

228 1496 280 1548 Alsa·
289 1506 331 1546 tut
342 1495 383 1545 ubi
394 1511 447 1563 quar
457 1496 559 1546 lubitum
568 1495 655 1554 fuerit,
667 1511 762 1562 peregre
772 1493 865 1552 fecetla,

228 1588 312 1652 Neque
322 1585 392 1648 huius
400 1585 431 1632 sis
440 1585 529 1634 veritus
543 1582 648 1634 frumine
660 1583 794 1650 primaria,

230 1677 304 1724 Novo
314 1672 389 1724 ruodo
398 1673 420 1724 ti
429 1675 488 1740 quio
498 1671 582 1723 lateres
592 1669 761 1723 contumelias

228 1768 315 1816 Venias
324 1766 385 1814 mihi
395 1764 500 1830 precibus
510 1761 601 1812 lautum
613 1771 733 1826 peccatum
744 1761 828 1806 tuuml

167 1871 214 1921 575
231 1853 300 1900 Hisce
310 1867 355 1916 ego
367 1850 435 1900 illam
448 1850 515 1898 diuis
528 1851 562 1897 ita
576 1848 621 1898 tibi
636 1849 754 1896 incensam
768 1841 849 1902 dabo,

229 1938 263 1985 Ut
272 1947 303 1981 ns
312 1933 457 1998 restinguas,
471 1931 572 1980 lacrimis
584 1931 604 1978 si
615 1928 778 1981 exstillavctis.

448 2041 471 2086 D
487 2040 504 2084 E
523 2039 549 2084 M
568 2038 579 2083 Ι
598 2040 616 2084 Ρ
634 2040 657 2084 Η
673 2038 705 2086 O.

229 2117 324 2172 Malum
333 2151 342 2179 ,
351 2118 417 2188 quod
426 2122 464 2170 isti
473 2121 531 2179 Dii,
543 2123 644 2187 Deaeque
653 2135 735 2170 omnes
744 2119 824 2172 aluiot.

228 2206 337 2260 Tantine
347 2208 458 2260 allecium
467 2210 590 2258 homiuem
599 2223 742 2275 quemquam
750 2225 797 2259 esse
804 2206 918 2258 audacia?

229 2297 289 2343 Nou
299 2293 344 2342 hoc
354 2292 481 2358 publicitus
491 2291 563 2342 scelus
575 2291 632 2342 hinc
644 2289 787 2358 deportarier

168 2391 218 2451 ,κο
231 2381 329 2432 insulas
339 2388 424 2432 terrast

444 2473 466 2523 C
483 2475 506 2520 li
523 2475 545 2523 R
561 2473 577 2520 E
595 2473 623 2518 M
639 2473 656 2520 r
671 2476 695 2522 8.

439 2561 469 2608 io
479 2557 503 2608 id
513 2559 616 2610 redactus
627 2574 679 2609 suos
693 2559 754 2620 ioci,

230 2647 265 2700 vt
274 2643 376 2696 nuciam
385 2660 477 2712 prorsus
488 2645 545 2714 quid
555 2661 627 2715 agam
635 2661 690 2698 cum
700 2646 754 2698 ille.
