2118 3638
315 185 566 260 Hecura.
727 217 798 284 ›255ss

104 328 173 376 iisne
181 325 337 378 conveniebat
346 343 400 376 sane
410 331 471 379 iuter
484 347 531 383 cas.
549 333 647 384 interim

112 416 181 463 Miris
190 413 267 464 modis
277 414 353 464 odisse
362 419 432 482 copis
443 421 586 478 Sostratam,

112 505 195 570 Neque
204 505 256 556 lites
267 503 321 555 sila
331 507 390 556 inter
399 523 453 568 eas,
463 509 591 574 postulatio

113 593 251 660 Nunquam.

320 688 337 730 P
355 686 377 730 H
395 684 405 730 1
421 686 440 730 L
457 685 480 730 0
495 685 516 730 T
534 676 601 734 1ss

272 766 433 832 Qfflfflmi

322 850 339 893 Ρ
356 847 378 894 Α
395 849 417 896 R
433 849 461 894 M
478 849 495 893 E
513 846 536 893 N
554 849 587 894 0.

462 929 485 977 si
496 927 593 994 quando
609 925 640 976 ad
653 941 706 979 eam
721 941 798 977 acces·

738 1026 798 1064 setar

110 1095 299 1148 Consabulatum
309 1129 317 1156 ,
327 1095 409 1173 fugere
418 1116 431 1149 e
441 1100 565 1172 couspeffl
574 1098 658 1160 illico,

106 1189 288 1243 :videreuoller
302 1189 417 1258 denique,
431 1191 471 1242 ubi
481 1207 529 1242 non
540 1192 593 1258 quit
601 1193 668 1260 pati,

110 1287 212 1338 Simulat
222 1304 245 1338 se
255 1303 269 1337 a
279 1301 353 1336 matre
361 1291 444 1340 atcersi
453 1287 484 1338 ad
497 1303 546 1339 rem
556 1288 681 1350 divinam,
697 1287 757 1343 abit.

15 1437 17 1458 ἶ
101 1381 159 1430 :vbi
173 1380 207 1429 ibi
217 1394 250 1430 est
263 1381 311 1432 dies
320 1381 451 1450 complures
460 1414 469 1441 ,
480 1385 561 1433 arcessi
570 1381 650 1448 jubete
811 1385 854 1444 ¹⁸5

109 1470 198 1518 Dixere
209 1485 303 1519 causam
315 1483 372 1519 tunc
382 1471 460 1518 nescio
472 1486 560 1536 quam:
574 1473 660 1520 iterum
671 1471 748 1536 juberi

110 1557 193 1605 Nemo
202 1558 298 1604 remisit.
317 1559 444 1620 Postquam
454 1558 545 1604 arcersit
556 1559 653 1621 sapius,

109 1645 207 1710 AEgram
216 1657 263 1691 esse
272 1639 385 1689 simulant
396 1639 535 1690 mulierem:
547 1653 627 1688 nostra
637 1637 702 1688 illico

110 1733 134 1779 it
143 1733 220 1780 visere
229 1727 260 1778 ad
270 1743 337 1778 eon:
350 1725 446 1776 admisit
455 1741 536 1776 uerno.
552 1730 606 1773 Hoc
615 1723 657 1774 ubi
665 1738 735 1773 senex

112 1812 236 1882 Rescivit,
251 1820 655 1878 herieacausanrreadvenithuc,
812 1833 856 1879 rso

111 1913 206 1958 Patrem
217 1911 333 1960 continuo
342 1910 454 1960 convenit
464 1907 617 1958 Philumene.

112 2001 181 2060 Quid
191 2003 278 2068 egerint
287 2005 347 2054 inter
356 2020 394 2061 se,
407 1999 515 2051 nondum
529 2002 600 2050 etiarn
612 1999 677 2054 scio,

112 2095 169 2144 Nisi
181 2109 236 2144 saue
245 2111 305 2143 curae
314 2108 364 2153 est,
375 2109 488 2160 quorsum
498 2105 637 2142 eventurum
647 2091 695 2138 hoc
703 2088 756 2144 siet.

102 2178 196 2226 Habes
206 2192 304 2226 omnem
313 2191 362 2225 rem
373 2194 386 2224 s
394 2188 489 2239 pergam
497 2186 546 2237 quo
555 2175 615 2237 coepi
627 2173 673 2219 hoc
681 2167 736 2229 iter.

330 2283 347 2326 P
364 2279 415 2326 HI
432 2278 449 2322 L
466 2277 489 2320 0
504 2276 525 2318 T
542 2275 552 2317 1
571 2275 593 2318 S.

113 2373 143 2420 it
152 2367 256 2437 ¹quidem
267 2381 311 2434 ego
321 2381 328 2412 ε
341 2378 399 2413 ¹narn
409 2359 521 2410 constitui
530 2373 584 2408 cum
594 2355 700 2424 quodam
711 2357 804 2424 hospite
816 2375 857 2426 ¹75

105 2457 298 2518 ,Me-esseilium
307 2466 488 2506 conventuram.

333 2567 426 2620 PAR
442 2564 470 2612 M
487 2565 504 2610 E
521 2561 545 2608 N
562 2563 594 2610 0.

500 2643 724 2702 Diivtttanrbtna
