2100 3660
371 251 431 317 r'rr
455 235 763 318 Anrrrnos.
814 249 822 270 “
891 266 908 344 5

221 385 357 474 eleae,
368 401 419 482 qui
428 401 507 464 nullo
519 425 614 488 neque
627 405 738 488 pudore
752 423 909 480 teneretur,

219 526 317 587 neque
335 524 438 584 metu,
458 509 578 572 domum
591 511 702 574 lenonis
719 533 770 592 per
787 513 848 574 vim
862 515 909 572 in-

219 625 337 686 gressus
350 623 414 682 est,
426 608 460 670 de
473 613 567 692 ipsum
579 609 611 672 &
625 610 764 674 familiam
777 613 909 676 contudit

221 707 327 787 pugnis
339 749 348 779 ,
366 707 550 791 puellamque
561 730 613 790 per
622 711 683 774 vim
690 711 841 794 abreptam
853 730 910 774 tra·

137 879 143 887 ,
170 857 175 868 .
219 814 293 876 didit
315 815 402 878 fratri.
436 815 585 898 Spargitur
606 833 669 878 tota
689 815 759 878 urbe
781 834 909 890 tumor,

220 917 302 980 venit
318 919 453 992 Demea,
473 907 633 980 Micionem
651 915 805 999 obiurgat,
819 915 908 976 incla-

218 1035 301 1092 mat,
320 1036 442 1082 testatur
453 1017 541 1082 Dens
558 1037 645 1086 atrpre
657 1019 808 1076 homino«,
827 1017 909 1085 quod

153 1103 159 1112 ’
216 1119 392 1183 diuolurus,
404 1109 492 1202 ⁴quod
505 1113 720 1192 intemperans,
732 1111 813 1192 quod
827 1115 908 1174 vino·

214 1235 287 1290 sus,
311 1217 390 1298 quod
412 1235 575 1290 scortator,
595 1217 676 1300 quod
694 1218 797 1279 nullius
818 1217 905 1282 bone

215 1323 258 1382 rei
281 1323 434 1384 AEschinus
456 1311 560 1394 feret,
582 1342 703 1386 omnem
723 1324 753 1383 in
773 1321 905 1386 Micione

216 1447 275 1484 uno
295 1427 405 1490 haerere
428 1429 567 1510 culpam:
587 1419 656 1492 Diis
672 1431 778 1512 gratias
795 1449 902 1514 agere,

214 1527 296 1611 quod
310 1526 356 1589 ille
369 1529 492 1603 saltem,
511 1548 600 1610 quern
615 1532 677 1611 ipae
693 1531 750 1592 ruri
763 1530 903 1601 habetet,

213 1623 292 1708 frugi
317 1646 351 1688 ac
374 1644 539 1708 temperans
556 1647 633 1691 erret
642 1651 656 1706 ;
669 1631 708 1692 rei
724 1631 853 1696 studeret
866 1629 900 1694 &

212 1727 316 1804 famae,
328 1729 442 1792 illatum
449 1753 548 1794 rerum
555 1725 624 1794 nihil
634 1754 673 1793 ne
684 1733 824 1814 cogitaret
837 1738 902 1816 qui·

209 1837 298 1901 dem:
313 1854 428 1900 tanturn
439 1829 574 1901 videlicet
587 1843 725 1902 interesse
733 1840 807 1901 inter
816 1861 901 1904 auam

209 1941 247 2005 δι
269 1939 362 2002 fratris
389 1941 590 2026 disciplinam!
609 1941 707 2004 Placar
727 1941 900 2022 hominem,

179 2024 183 2030 ¹
208 2059 353 2124 quantum
372 2043 402 2103 in
418 2063 450 2106 re
467 2061 532 2116 est,
551 2043 641 2104 Micio
651 2063 663 2120 ;
682 2041 799 2127 jamque
814 2067 846 2108 se
861 2047 904 2110 alr

210 2166 248 2208 eo
274 2146 486 2229 expediverat,
514 2150 582 2210 tiam
605 2151 771 2231 supervenit
792 2149 870 2214 eliud
885 2194 902 2227 ,

210 2246 292 2328 quod
317 2246 443 2328 majores
472 2251 562 2312 etiam
587 2250 727 2314 tumultus
750 2241 901 2318 excitaret·

74 2340 79 2349 ¹
211 2353 341 2434 Raptam
355 2354 393 2416 ab
403 2355 542 2417 AEschino
551 2353 772 2431 citharistriant‚
786 2356 898 2438 perfer-

210 2476 258 2518 tur
276 2458 314 2519 ad
336 2475 461 2520 matrem
490 2458 670 2541 Pamphilae;
693 2477 759 2540 quae
780 2457 901 2540 quidem

211 2560 362 2642 Pamphila
380 2565 422 2622 ita
442 2578 504 2624 erat
526 2563 564 2624 ad
585 2561 755 2644 pariendum
777 2563 873 2624 vicina
886 2603 902 2638 ‚.

210 2683 245 2728 rrt
261 2664 321 2748 iem
341 2665 482 2734 edolare
502 2664 655 2736 laboraret.
680 2665 769 2752 ¹Quid
789 2664 900 2731 laceret

728 2776 755 2820 k
771 2787 785 2832 l
