2100 3660
327 252 603 326 Aorrpnr
770 285 808 349 μ

382 400 395 443 S
411 398 432 441 Y
449 397 471 444 R
487 398 510 444 U
527 399 550 444 8.

122 490 188 554 Age,
201 482 262 537 novi
273 496 343 534 tuum
354 486 476 535 animrmr
488 484 555 552 quasi
572 484 699 552 quicquam
711 485 756 537 tibi
767 487 814 540 rint

188 574 276 640 viginti
290 576 375 632 mine,

121 668 190 715 Dum
200 665 256 714 huic
266 665 404 732 obsequere.
421 670 533 716 Praeterea
541 679 621 716 autem
630 679 653 715 te
663 667 731 716 aiunt
742 665 814 736 profi-

547 754 604 802 cisci
615 756 730 820 cyprum.

360 839 412 887 sA
429 839 453 886 N
470 837 496 885 N
513 841 522 886 1
541 842 572 890 0.

732 930 812 984 Hem!

382 1017 396 1062 S
412 1017 434 1061 Y
451 1015 472 1063 R
488 1015 511 1062 U
528 1017 552 1062 S.

123 1103 245 1154 Co'emisre
261 1103 332 1162 hinc,
348 1117 401 1169 qut
420 1100 477 1150 iiiuc
494 1102 606 1160 veheres,
618 1099 712 1156 multer
725 1115 811 1154 navem
892 1091 895 1098 ’

187 1195 344 1250 eondustamr
357 1196 405 1244 hoc
413 1195 479 1254 reio,
825 1205 871 1260 ης

123 1283 226 1336 Animus
237 1288 281 1337 tibi
292 1285 394 1355 pendet:
406 1285 447 1335 ubi
457 1283 544 1346 illinc,
559 1302 644 1355 spero,
656 1286 749 1340 redieris
755 1318 766 1348 ,
775 1299 813 1338 ta·

188 1385 245 1420 men
255 1372 302 1420 hoc
312 1386 375 1436 ager.

362 1463 375 1506 S
394 1459 414 1506 A
431 1461 455 1507 N
472 1461 495 1506 N
515 1463 523 1504 i
542 1462 572 1506 0.

121 1547 247 1612 Nusquam
261 1543 355 1611 pedem.
372 1546 433 1596 Perii
448 1545 541 1594 hercle:
556 1543 649 1594 herilli
664 1561 704 1611 rpe
717 1545 763 1597 hoc
774 1545 811 1596 in·
847 1575 851 1580 -

563 1643 682 1698 repetunt.

383 1717 397 1762 S
413 1717 434 1762 Y
451 1717 473 1767 R
488 1717 511 1764 U
528 1719 552 1767 S.

712 1801 808 1853 Timere

121 1889 197 1958 Injeci
207 1889 341 1958 scrupulum
353 1891 455 1943 homini.

359 1997 411 2046 sA
429 1997 453 2044 N
470 1995 495 2046 N
512 2000 523 2044 1
542 1998 574 2046 0.

477 2091 500 2136 0
510 2087 610 2139 rceierai
622 2086 682 2138 illud
692 2086 766 2150 ride,

118 2183 157 2230 Ur
168 2179 195 2227 in
206 2178 256 2244 ipro
266 2177 365 2229 articulo
375 2181 500 2247 oppressit!
512 2186 599 2248 Emprae
609 2179 720 2233 mulieres

120 2269 282 2336 Complures,
298 2272 323 2318 &
337 2271 395 2317 irem
408 2269 465 2318 hinc
474 2268 522 2318 alia
532 2285 583 2337 quae
596 2283 667 2336 porro
678 2273 792 2335 Cyprum.
823 2299 836 2334 2
841 2299 869 2346 32

119 2358 175 2408 Nisi
191 2354 220 2407 εὸ
237 2357 268 2407 ad
286 2370 417 2408 mercatum
433 2360 528 2418 venio,
548 2357 664 2408 damnum
678 2358 810 2408 maximum

187 2461 231 2497 err.
658 2511 660 2525 1

120 2537 193 2584 Nune
201 2537 221 2584 r'i
231 2537 277 2585 hor
285 2537 388 2596 omitto,
399 2537 440 2588 ubi
451 2535 519 2588 iilirrr
526 2535 632 2592 rediero,
643 2535 721 2584 aetum
732 2545 811 2604 agam.

118 2629 192 2680 Nihil
205 2645 256 2690 err,
269 2630 385 2684 refrixerit
398 2649 440 2684 res.
457 2637 528 2684 Nunc
538 2632 634 2682 demum
648 2633 732 2685 veniri

119 2721 169 2770 cur
177 2728 275 2789 perrurr
289 2720 331 2772 ubi
344 2730 409 2773 erar?
423 2735 448 2774 ut
460 2724 491 2772 rit
503 2721 574 2773 rarius
585 2718 695 2786 perdere,

631 2809 649 2854 θ
666 2824 683 2868 4
