2118 3638
765 229 846 296 tau

150 591 228 691 M.
254 563 452 690 ΑΝΤ.
489 586 844 688 Murem

301 804 689 866 ARGUMENTUM

205 961 302 1046 ιιι
352 959 787 1070 uacuum..

148 1131 392 1252 Pitumnus
411 1186 545 1250 Lachetis
562 1210 583 1250 e
596 1186 725 1250 Sostrata
741 1205 833 1251 uxore

146 1293 244 1367 tilius,
270 1290 447 1354 Bacchidem
466 1294 647 1354 meretricem
671 1291 832 1375 deperibat.

147 1395 177 1456 Is
196 1397 263 1456 cum
278 1395 432 1477 aliquando
445 1395 532 1458 nodio
550 1396 588 1460 ad
607 1417 674 1458 eam
686 1397 833 1459 temulen-

12 1511 16 1519 '
146 1519 193 1564 tus
205 1504 277 1578 iret,
290 1505 318 1563 in
328 1502 528 1563 Philumenam
538 1502 690 1584 Phidippi,
701 1503 734 1566 δι
746 1502 833 1586 Myr·

146 1601 335 1664 rhinaefiliam
346 1597 463 1672 incidit,
474 1618 596 1679 eamque
608 1600 638 1659 in
648 1600 696 1661 via
706 1621 757 1680 per
768 1604 832 1664 vim

146 1707 336 1789 compressit:
348 1705 483 1786 atqueita
493 1701 592 1785 effugit
601 1745 612 1778 ,
622 1719 654 1764 ut
664 1724 758 1786 neque
768 1707 832 1787 ipse

145 1839 234 1894 eam,
247 1836 342 1900 neque
360 1811 457 1896 puella
470 1815 566 1896 ipsum
580 1833 756 1896 cognoscere
771 1833 831 1895 po-

144 1926 240 1986 tuerit.
269 1921 304 1984 Ιιι
323 1919 370 1981 illa
383 1936 482 1982 autem
500 1918 576 1980 lucta
588 1921 677 1982 etiam
691 1915 831 1980 annulum

145 2027 173 2088 ei
186 2026 327 2100 detraxit,
345 2043 469 2105 eumque
487 2021 624 2084 Bacchidi
642 2021 723 2084 dono
737 2019 830 2086 dedit.

145 2123 236 2188 Paulo
247 2139 314 2205 post
323 2142 407 2205 pater
419 2142 506 2196 eum,
519 2138 583 2182 tum
594 2138 626 2183 ut
639 2143 657 2182 a
668 2122 832 2184 meretricio

144 2250 247 2294 umore
268 2243 433 2302 averteret,
449 2241 513 2286 tum
532 2241 564 2286 ut
583 2223 748 2306 praesidium
769 2245 830 2288 suae

145 2331 295 2397 senestuti
307 2349 444 2414 pararet,
470 2331 507 2392 ad
528 2349 649 2392 uxorem
667 2328 830 2391 ducendam

144 2435 278 2518 perpulit.
303 2433 456 2516 Contigit,
473 2449 506 2494 ut
518 2453 553 2495 ea
569 2433 632 2513 ipsa
645 2451 717 2492 uxor
733 2431 760 2492 ei
773 2430 829 2494 da·

145 2555 251 2613 retur,
274 2559 362 2622 quam
385 2542 447 2622 ipse
470 2529 731 2621 constupraretur:
757 2557 828 2621 gau·

145 2645 232 2718 deute
251 2646 411 2712 admodum
429 2647 533 2731 puello
552 2663 661 2724 matre,
679 2664 743 2730 quc
760 2645 829 2728 quia
