2118 3638
331 225 610 296 Pnoqua
753 243 814 292 un

130 368 215 421 Heus,
229 375 317 430 quanta
327 369 414 428 quauta
424 364 473 412 haee
482 379 535 412 mea
544 376 666 429 paupertas
678 374 728 416 est,
739 342 820 409 taurerr

136 452 221 502 Adhuc
229 453 307 501 curavi
314 466 389 500 unum
399 454 445 502 hoc
454 452 566 518 quidem,
577 465 603 500 ut
615 451 677 500 mihi
684 463 741 500 esset
752 447 818 503 fider.
828 455 875 505 705

353 546 373 588 C
391 545 414 587 H
434 545 456 589 R
476 545 493 589 E
509 547 537 590 M
553 547 569 592 E
587 547 609 594 S.

136 627 239 676 zrtueer
248 626 296 687 ita,
312 641 338 676 ut
352 624 419 683 dixi,
431 625 546 677 liberalis?

349 733 604 782 DEMIPHO.

555 816 661 884 Oppido.

346 907 405 953 PH
422 911 444 953 O
462 909 483 954 R
500 910 527 954 M
544 910 553 952 Ι
572 912 604 958 Ο.

135 999 217 1061 Itaque
226 993 257 1044 ad
268 1009 312 1043 uos
322 995 394 1044 venio
408 995 561 1050 nuntiatum,
576 992 715 1060 Demipho,

135 1085 245 1129 Paratum
258 1095 296 1127 me
307 1095 368 1133 ester
380 1079 421 1128 ubi
431 1079 503 1130 vultis
510 1113 519 1139 ,
532 1097 629 1130 uxorem
639 1082 710 1132 darer
733 1105 735 1110 ·

134 1177 200 1224 Nam
210 1189 292 1224 omnes
300 1175 426 1240 posthabui
441 1177 504 1224 mihi
515 1191 550 1226 res
562 1209 570 1234 ,
585 1178 618 1224 ita
632 1177 667 1227 uti
679 1191 722 1242 pat
734 1175 795 1237 fuit,

133 1265 275 1329 Postquam,
290 1261 411 1330 tantopere
424 1265 450 1313 id
462 1281 506 1315 vos
518 1263 581 1317 velle
588 1298 598 1325 ,
613 1267 721 1316 animum
734 1266 819 1318 adver·

197 1361 280 1398 teram.
827 1373 880 1418 5¹⁰.

348 1443 372 1485 D
388 1441 406 1484 E
422 1441 450 1484 M
468 1441 478 1484 1
495 1445 513 1486 P
529 1445 553 1488 H
569 1444 602 1488 Ο.

133 1532 168 1580 At
179 1527 218 1578 hic
231 1526 365 1578 dehortatus
375 1543 408 1578 eet
418 1543 456 1575 nre
467 1542 496 1572 ne
507 1523 574 1573 illam
587 1525 632 1574 tibi
647 1525 726 1577 darem
737 1545 744 1577 e

133 1624 199 1670 Nam
206 1613 252 1684 'qui
263 1620 307 1667 erit
318 1634 397 1668 rumor
408 1617 509 1682 populi,
523 1619 614 1681 inquit,
626 1619 646 1665 si
658 1617 682 1665 id
693 1618 785 1669 fecerit?

133 1711 203 1760 Olim
217 1709 271 1760 crim
283 1709 381 1758 honeste
393 1709 487 1772 potuit,
500 1720 553 1754 tum
567 1720 618 1752 nou
631 1717 665 1752 est
682 1703 753 1752 data:

132 1799 206 1846 Nunc
223 1795 320 1844 viduam
331 1790 423 1843 extrudi
435 1807 501 1858 turpe
515 1807 564 1842 est:
581 1792 655 1842 ferme
666 1792 747 1843 eadent
763 1805 818 1840 om·

200 1884 239 1930 nia
248 1913 256 1938 ‚

133 1969 193 2025 Quae
202 1961 252 2013 uite
263 1962 352 2015 dudum
363 1979 442 2014 coram
453 1981 491 2014 me
503 1964 656 2015 incusaverat.
825 1969 873 2018 9¹5

352 2079 369 2122 P
386 2079 409 2122 H
426 2079 448 2121 O
464 2078 487 2123 R
503 2077 531 2120 M
548 2076 559 2120 1
576 2076 608 2122 0.

132 2155 193 2208 Satis
204 2155 298 2223 superbe
309 2155 409 2204 illuditis
419 2171 466 2202 me.

350 2252 603 2304 DEMIPHO·

481 2334 545 2397 Qui!

349 2423 606 2476 PHORMIO.

402 2504 404 2508 ’
552 2517 645 2578 Rogati

133 2609 196 2668 Quia
207 2624 235 2658 ne
244 2607 341 2658 alterurn
351 2607 448 2674 quidem
457 2593 524 2654 iliam
538 2617 621 2669 potero
631 2600 721 2651 ducere.

134 2699 199 2746 Nam
209 2709 256 2760 quo
266 2693 347 2744 redibo
357 2708 397 2743 ore
408 2691 438 2742 ad
448 2705 514 2747 earn,
530 2704 602 2756 quam
614 2685 803 2753 contempserim!

625 2773 647 2818 Τ
665 2785 676 2830 ³
