2154 3652
330 212 619 289 Prroirrrro.
762 247 820 316 133

414 354 434 398 G
451 353 467 398 E
482 356 503 400 Τ
519 355 550 402 A.

126 429 185 480 ¹Ille
195 427 329 478 indotatam
339 434 471 498 virginem,
486 448 556 502 arque
564 434 696 502 ignobilem
834 448 883 488 ιω

140 527 212 576 Daret
223 519 274 572 illis
287 535 408 588 nunquam
418 521 513 574 faceret.

398 613 422 658 D
438 611 490 659 AV
505 613 528 658 U
545 613 568 659 S.

528 701 592 761 Quid
603 700 631 752 fit
643 703 758 773 denique}

414 789 435 833 G
451 789 468 834 E
484 789 505 834 T
521 791 552 836 A.

59 861 64 865 ’
141 859 207 919 Quid
215 859 272 910 fiat!
284 875 317 912 est
326 865 438 929 parasitus
451 868 550 934 quidam
560 868 689 927 Phormio,

142 952 225 996 Homo
241 946 375 1010 confidens,
389 954 460 1018 qui...
472 953 544 1002 ilium
556 957 597 1004 Dii
609 971 691 1008 omues
700 955 825 1024 perduinr!

401 1045 424 1090 D
442 1042 463 1087 A
481 1043 501 1088 V
520 1041 580 1092 US.

142 1112 207 1176 Quid
217 1115 236 1164 is
247 1116 318 1166 fecits

419 1185 439 1229 G
456 1183 472 1228 Ε
487 1186 508 1228 Τ
524 1182 556 1232 A.

337 1272 390 1316 Hoc
399 1266 536 1324 consilium,
549 1265 615 1332 quod
627 1267 721 1330 dicam,
733 1269 808 1323 dedit.

142 1357 188 1402 lex
200 1366 244 1410 est,
262 1367 288 1402 ur
299 1353 378 1410 orbae‚
390 1355 431 1418 qui
441 1355 488 1402 siut
496 1369 578 1419 genere
590 1357 710 1420 proximi,
837 1365 881 1416 ης

143 1445 173 1490 lis
184 1443 291 1499 nubant,
303 1445 327 1490 &
337 1441 393 1490 illos
402 1441 485 1492 ducere
493 1441 576 1491 eadem
583 1441 632 1490 haec
640 1442 677 1492 lex
687 1443 761 1506 juber.

141 1529 190 1589 Ego
198 1538 221 1572 re
231 1539 357 1589 cognatum
367 1524 459 1580 dirum,
471 1524 496 1568 ὅ(
506 1522 551 1574 tibi
560 1522 659 1570 scribam
667 1522 759 1572 dicamr

141 1619 269 1668 Paternum
279 1617 381 1662 amicum
389 1630 427 1662 me
437 1613 585 1663 adsimulabo
594 1615 693 1680 virginis
702 1634 709 1664 r

141 1699 182 1747 Ad
193 1698 281 1764 judices
291 1703 425 1750 veniemus:
437 1701 479 1765 qui
489 1697 561 1746 fuerit
568 1711 647 1762 parer,

141 1793 202 1848 Qus:
212 1802 302 1847 mater,
316 1786 358 1854 qui
372 1802 472 1854 cognata
485 1786 530 1834 tibi
545 1788 589 1843 sit,
600 1785 682 1835 omnia
696 1786 748 1836 haeu
838 1805 846 1835 r
854 1801 886 1850 30

142 1880 302 1948 confingam:
315 1881 379 1947 quod
390 1883 433 1936 eu'r
445 1880 507 1933 mihi
518 1881 608 1929 boumn
615 1911 624 1936 ,
639 1891 709 1944 arque
718 1893 825 1958 commo·

210 1973 287 2032 dum,

144 2057 206 2109 Cism
217 2075 242 2108 tu
254 2061 340 2109 horum
351 2059 413 2110 nihil
424 2059 532 2117 refelles,
543 2061 638 2110 vincam
649 2055 747 2108 scilicet.

144 2153 214 2198 Pares
223 2146 310 2196 aderit:
324 2149 384 2196 mihi
394 2161 478 2214 parsrae
486 2145 551 2197 lires:
562 2145 620 2214 quid
630 2154 695 2196 mear

144 2234 192 2284 1112
204 2235 302 2304 quidem
311 2249 392 2286 nostra
405 2237 461 2288 erit·

404 2335 427 2382 D
443 2330 465 2380 A
482 2333 503 2380 V
519 2334 541 2379 U
558 2332 580 2377 s.

320 2471 324 2478 ,
486 2415 619 2466 Iocularem
628 2412 765 2472 audacium!

421 2511 442 2554 G
458 2508 474 2552 E
489 2507 510 2552 T
526 2507 556 2554 A.

144 2599 283 2645 Persuasum
303 2608 336 2646 est
354 2595 467 2648 hominis
482 2592 570 2644 farrum
590 2605 622 2642 esr
638 2607 643 2638 r
663 2603 759 2660 venturu
775 2602 825 2657 esrr

119 2726 122 2733 -
214 2690 347 2741 vincimur:
553 2669 554 2672 Ἴ
612 2669 615 2680 ⁵
839 2696 882 2750 ης
