2154 3652
274 235 339 284 122
416 210 813 280 Arourrrrrrrrrr

269 377 412 464 parasitus
428 389 567 436 suaserat.
590 370 741 434 Consedis
752 371 814 454 jam
831 373 960 456 nuptiis,

271 482 380 546 eodem
396 478 443 540 die
462 476 551 538 ambo
570 473 693 536 redeunt
710 495 805 536 senes.
834 473 962 536 Turbati
1052 477 1053 496 ¹

272 599 415 662 uterque:
432 576 501 649 ille,
518 572 600 655 quod
613 570 688 634 filius
706 572 868 632 indotatam
884 593 964 634 uxo·

273 707 349 761 reru,
362 705 395 748 se
407 682 542 754 ahsente,
552 677 684 738 duxisset
694 697 703 735 ι
714 675 761 736 hie
770 719 781 750 ,
790 674 963 756 quodvere·

273 802 372 858 retur,
383 804 445 859 ne,
463 794 563 862 erepta
578 775 633 838 sibi
642 775 696 836 hac
704 771 881 836 collocandae
894 771 962 835 fitia

273 895 454 968 occasione,
468 908 533 954 tota
548 911 594 952 res
612 889 694 952 fieret
707 884 816 968 palam.
838 881 884 944 Eo
896 885 964 964 ipso

274 996 342 1070 die,
366 997 459 1070 leno,
483 993 694 1065 Citharistriae,
716 1007 806 1072 quam
831 985 964 1048 Phaedria

270 1100 413 1174 amabat,
425 1099 580 1173 dominus,
594 1099 648 1158 nisi
658 1095 711 1156 sibi
723 1112 776 1174 pro
793 1110 829 1151 ea
846 1091 966 1170 triginta

273 1206 361 1266 minae
386 1202 544 1277 darentur,
560 1202 747 1266 venditurum
767 1218 799 1260 se
819 1217 885 1258 eam
906 1200 967 1257 mi·

274 1303 428 1366 nitabatur.
449 1302 563 1366 Adeas
575 1301 772 1366 conficiendas
787 1298 861 1360 hanc
877 1297 966 1360 falla-

274 1411 351 1472 tiarn
365 1407 446 1472 Geta
459 1407 614 1492 confingit:
631 1415 671 1473 ait
689 1409 823 1483 senibus,
842 1427 875 1469 se
893 1429 965 1470 cum

275 1510 451 1574 Phormione
469 1512 669 1588 collocutum
688 1511 894 1572 Phormionem
906 1532 965 1572 ve·

274 1629 329 1686 ro,
348 1614 373 1673 si
390 1613 445 1674 sibi
461 1613 538 1676 dotis
559 1615 674 1697 triginta
696 1616 780 1676 minae
803 1614 965 1690 darentur,
1052 1645 1053 1694 ζ

273 1729 408 1798 paratum
420 1735 486 1778 earn
498 1735 619 1778 uxorem
632 1715 784 1796 accipere,
801 1735 891 1796 quam
903 1713 964 1776 du·

273 1818 364 1878 risset
371 1815 513 1898 Antipho.
527 1815 603 1883 Eam
615 1816 770 1896 pecuniam
780 1814 932 1898 Demipho
945 1839 964 1879 a
1052 1837 1053 1848 ¹

276 1917 436 1982 Chremete
460 1936 608 2000 sumptam
629 1935 762 1982 numerat
785 1920 963 1986 Phormioni.

273 2017 303 2080 Is
312 2038 378 2080 eant
388 2017 524 2086 Phaedriae
534 2063 544 2094 ,
556 2019 686 2082 Phaedria
696 2022 793 2084 lenoni
801 2045 855 2107 pro
868 2024 967 2086 amica
1052 2047 1053 2082 t

273 2117 369 2180 tradit.
389 2115 470 2180 Cium
482 2119 544 2180 haec
556 2118 617 2201 jam
629 2120 760 2183 conferta
775 2139 888 2194 essent,
909 2140 964 2204 ag-

153 2269 156 2274 ·
273 2223 402 2285 noscitur
414 2222 564 2286 Phanium.
586 2223 629 2286 lbi
637 2245 710 2288 vero
723 2247 808 2288 senes
820 2226 963 2310 gaudere,

273 2323 374 2406 quod,
395 2345 466 2408 quas
481 2328 595 2408 nuptias
611 2327 666 2408 ipsi
685 2326 780 2388 facere
797 2325 963 2388 molieban-

272 2448 339 2502 tur.
352 2451 415 2504 εκ,
431 2431 499 2512 ipsis
510 2431 673 2494 absentibus
684 2477 694 2507 ,
706 2448 793 2515 atque
805 2433 959 2495 inscienti-

272 2531 546 2608 bus,‘fastreessent.
556 2531 616 2596 Sed
626 2533 765 2597 dolebant
776 2537 829 2597 sibi
839 2537 959 2618 periisse

272 2637 391 2717 triginta
415 2638 518 2704 minas.
548 2636 605 2702 Eas
628 2637 960 2716 diminoratione,
