2118 3638
297 95 298 98 Ὺ
354 124 607 198 anrnA.
769 141 831 222 263

389 271 408 314 L
425 267 447 315 A
464 268 485 316 0
502 271 525 315 H
541 272 558 317 E
572 273 595 317 s.

150 345 209 400 Adii
216 362 239 400 te
249 347 299 400 heti
307 347 336 399 de
346 347 410 401 filia:
423 366 448 402 ιιι
455 354 510 404 veni
519 385 527 410 ,
536 353 619 403 itidem
625 355 740 406 incertum
747 353 835 406 amisti.

149 433 222 484 Haud
236 434 269 484 lta
284 433 370 495 decet,
387 439 407 486 ti
426 452 563 504 perpetuam
580 442 616 490 vis
631 455 678 488 esse
695 436 835 493 affinitatem
853 459 855 464 ¹

214 521 276 570 hene
285 552 293 580 ,

149 608 231 659 Celare
241 623 264 658 te
275 611 330 662 itas.
346 611 367 658 si
378 609 436 675 quid
447 623 481 659 est
489 625 609 676 peecatum
619 629 633 662 a
644 613 727 672 nobis,
739 610 832 679 profer:

148 701 197 748 Aut
211 716 254 758 ea,
271 699 402 750 refellendo
416 733 425 760 ,
442 715 484 751 aut
498 702 622 767 purgando
633 703 717 762 vobis,
731 703 834 766 conige-

214 797 282 840 mut,

147 873 183 920 'se
193 871 269 935 judice
278 874 337 939 ipso.
355 875 396 924 Sin
405 891 432 924 ea
445 890 478 925 est
492 889 561 924 eausa
575 875 690 926 retinendi
705 876 766 942 apud
773 892 833 936 vot,
845 885 890 934 255

148 957 211 1021 Quia
229 973 340 1034 εὸτι-εει
355 993 364 1020 ,
383 975 407 1012 te
420 963 483 1011 mihi
496 964 608 1030 injuriam
625 961 699 1012 facete
715 959 835 1029 atbittot,

214 1047 342 1115 Phidippe‚

146 1130 170 1182 si
182 1135 282 1194 metuit,
296 1137 351 1196 satis
366 1149 393 1186 ut
406 1151 464 1188 nteae
478 1135 548 1206 donni
561 1147 654 1186 nitetut
667 1134 800 1203 diligenter.

145 1232 180 1279 At
188 1261 198 1290 ,
211 1230 245 1279 ita
255 1245 293 1278 me
303 1231 344 1280 Dii
357 1246 452 1293 ament,
468 1233 532 1284 haud
543 1233 588 1284 tibi
597 1235 644 1284 hot
653 1233 774 1294 concedo,
788 1229 833 1284 etti

210 1317 247 1367 illi
260 1333 326 1384 patet
337 1337 378 1382 es,

144 1407 213 1456 Uttu
223 1407 291 1458 illam
300 1408 391 1460 tnlvtm
399 1411 474 1476 magis
484 1410 561 1469 velis,
575 1425 647 1477 quatu
661 1427 718 1478 egot
732 1408 758 1459 id
769 1405 830 1458 adeo

210 1493 276 1557 gnati
287 1507 372 1551 cauta,

142 1582 223 1640 Quem
232 1595 276 1646 ego
289 1578 395 1630 intellexi
404 1577 473 1628 illam
487 1575 552 1630 haud
565 1577 657 1636 tnlntts,
674 1589 779 1644 quamne
791 1574 830 1641 ip·

210 1685 280 1730 sum,
292 1667 452 1737 magnificate.
840 1669 887 1710 ²⁶⁰

144 1759 228 1824 Neque
244 1757 305 1808 adeo
320 1774 358 1808 me
370 1757 432 1806 clam
448 1769 482 1806 est
490 1788 500 1816 ‚
514 1771 586 1824 quam
600 1771 647 1806 etse
660 1768 714 1804 eum
728 1751 829 1818 gtavitet

210 1845 312 1894 laturum
325 1843 435 1903 credam,

143 1933 196 1982 Hoc
206 1933 225 1981 ti
236 1933 342 1982 rescierit.
351 1933 384 1980 Eo
394 1968 401 1994 ‚
410 1930 509 1982 domum
517 1925 600 1978 studeo
607 1926 657 1976 haec
664 1925 743 1992 ptius,
753 1937 827 1990 quam

206 2015 248 2066 ille
261 2019 308 2066 huc
320 2015 410 2066 redeat.

335 2095 633 2174 inintnnut

139 2235 229 2288 Laches
237 2266 246 2293 ,
261 2232 445 2300 &diligentiam
458 2247 576 2294 vestram,
591 2237 615 2283 δι
631 2233 801 2300 benignitatem

139 2328 209 2380 Novi
218 2346 224 2377 t
236 2328 278 2384 δε,
288 2341 340 2392 quae
349 2325 424 2386 dicis,
434 2325 516 2376 omnia
526 2341 588 2386 esse,
599 2339 625 2376 ut
637 2324 695 2375 dicis
701 2358 709 2384 ‚
719 2325 824 2373 animum

208 2415 310 2466 induco:

136 2504 168 2554 Et
184 2515 207 2552 te
223 2503 270 2550 hoc
288 2499 351 2552 mihi
366 2497 437 2569 euplo
451 2496 556 2552 crederet
570 2495 639 2551 illem
648 2497 679 2551 ad
691 2513 734 2552 vot
749 2495 824 2548 redire

186 2615 189 2620 ·
207 2586 305 2649 studeo,
833 2586 878 2640 265
