2118 3638
177 233 241 298 252
288 209 472 280 Purrrr
509 207 755 280 Trnrnrrr

122 353 165 400 ¹15
178 345 281 396 Arnabat
288 377 297 403 ,
308 357 334 393 ut
345 360 399 393 curn
408 345 527 403 maxime,
540 351 593 392 tuni
601 345 753 411 Pamphilus,

178 433 240 482 edin
249 447 328 498 pater,
339 445 436 480 uxorem
446 444 473 478 ut
483 428 568 488 ducat,
582 447 648 480 orare
656 435 758 498 occipit:

180 527 208 572 Et
217 523 279 580 hee,
293 521 429 570 communia
440 522 549 568 omniurn
561 535 613 586 qua.
624 535 677 570 sunt
687 536 780 587 patrum
787 553 796 581 ,

180 617 231 660 Sese
241 625 319 660 senem
329 626 377 659 esse
386 609 480 666 dicere,
494 607 564 657 ilium
576 622 656 657 autem
669 611 782 659 unicume

181 700 315 750 Praesidium
326 697 388 749 velle
400 715 424 747 se
436 699 546 746 sencdiuti
560 707 615 746 snt.

126 789 170 822 ¹2⁰
182 788 226 835 lile
235 789 313 852 primo
325 801 348 833 re
358 799 456 851 negate:
471 783 509 831 sed
519 795 645 847 postquam
653 783 729 830 auius

183 877 249 920 Pater
260 873 347 926 instat,
357 867 413 918 fecit
423 868 532 916 animine
542 868 641 914 incertus
651 863 730 924 foret,

183 957 309 1016 Pudorin,
324 971 385 1006 anne
396 956 472 1004 amori
481 951 643 1018 obsequeretur
652 952 736 1014 magia.

182 1045 316 1096 Tundendo
325 1077 333 1102 ,
346 1058 415 1111 arque
425 1041 483 1091 odio
492 1041 593 1106 denique
602 1035 677 1089 effecit
687 1054 769 1088 senex:

184 1134 316 1203 Despondit
325 1147 422 1202 gnatam
430 1134 451 1181 ei
461 1134 531 1197 hujus
540 1131 612 1181 vicini
625 1130 738 1195 proximi.

127 1225 170 1274 ¹25
184 1229 264 1288 Usque
273 1221 335 1272 illud
345 1224 423 1270 visunt
431 1231 465 1267 est
477 1216 603 1283 Pamphilo
617 1218 756 1283 neutiquam
765 1229 852 1281 grave,

184 1312 357 1372 nanceianum
368 1311 422 1375 ipsis
433 1307 537 1371 nuptiisr
549 1319 677 1372 postquam
690 1308 757 1358 videt

185 1401 291 1454 Paratae,
302 1408 345 1442 nec
354 1407 446 1441 moram
459 1389 534 1440 uilem
545 1427 552 1449 ,
563 1391 624 1457 quin
634 1392 722 1450 ducat,
735 1393 800 1444 daris
896 1419 900 1425 ·

186 1485 223 1534 ibi
233 1483 329 1532 demum
340 1483 374 1529 ita
382 1495 440 1545 agre
451 1478 520 1536 tulit,
536 1493 562 1526 ut
573 1481 647 1543 ipsam
660 1479 813 1540 Bacchidem,

186 1576 209 1622 si
220 1572 321 1632 adesset,
334 1571 420 1628 credo,
434 1569 468 1617 ibi
480 1572 529 1632 ejus
538 1569 757 1617 commiserescetet.

130 1671 140 1703 a
147 1671 176 1716 30
186 1657 326 1722 Ubicunque
338 1654 421 1703 datum
433 1666 481 1702 erar
495 1651 597 1716 spatium
610 1649 761 1709 solitudinis,

188 1749 223 1794 Ut
233 1742 339 1809 colloqui
349 1757 443 1793 mecum
455 1737 503 1789 und
514 1752 591 1804 posset
603 1758 610 1786 ι
626 1742 739 1786 Parmeno
746 1767 757 1796 ,

100 1863 113 1899 g
162 1836 257 1882 -Perii
274 1833 339 1890 Quid
350 1848 394 1897 ego
403 1827 568 1896 egilinquod
578 1843 617 1876 me
627 1828 717 1892 conjeci
728 1825 831 1877 malum!
924 1857 928 1864 ›

188 1919 247 1968 Nou
255 1925 342 1974 potero
355 1921 401 1968 lroc
413 1919 489 1974 ferte,
504 1923 626 1968 Panneno.
644 1919 703 1967 Perii
713 1917 797 1967 miseri

397 2020 455 2066 ru
471 2021 483 2064 1
500 2020 518 2063 r
535 2019 558 2064 o
573 2019 663 2066 trs.
803 2001 805 2006 '

189 2105 223 2157 At
232 2118 256 2155 te
270 2105 312 2156 Dii
322 2111 422 2172 Deaeque
432 2102 542 2170 perduint
556 2118 610 2152 cuna
624 2103 670 2152 isto
681 2101 756 2164 odio,
772 2103 872 2155 laches!

399 2195 416 2238 1>
432 2194 454 2240 A
471 2195 493 2240 R
509 2195 537 2239 M
555 2193 572 2238 E
588 2191 612 2238 N
632 2194 664 2241 0.

134 2285 179 2333 ¹35
191 2279 228 2331 ild
237 2295 310 2346 pauca
320 2293 346 2328 ut
356 2277 464 2338 redeam,
477 2296 575 2330 uxorem
587 2278 681 2330 deducit
694 2277 804 2332 domum·

192 2369 268 2415 Nodte
278 2365 319 2414 illa
327 2369 403 2432 prima
411 2369 528 2433 virginem
537 2383 587 2418 non
596 2371 690 2434 attigit:

191 2461 249 2514 Qua
258 2472 380 2507 consecuta
390 2473 423 2508 est
433 2473 498 2516 nox,
512 2474 564 2508 earn
573 2460 652 2510 nihilo
661 2461 746 2527 magis.

401 2571 417 2614 P
434 2573 456 2616 Η
475 2574 485 2616 Ι
504 2573 522 2615 l.
539 2572 623 2618 ΟΤΙ
643 2575 666 2621 S.

193 2645 258 2704 Quid
269 2649 318 2699 alst
330 2663 384 2700 euru
394 2654 485 2718 virgine
494 2651 543 2705 und
555 2653 689 2706 adolescens
700 2653 820 2715 cubuerit,
