2054 3642
315 152 564 225 anrnn.
729 183 794 246 309

351 296 559 344 anflen

109 376 235 444 Lepidnes.
245 376 288 430 Sed
297 379 352 427 scln'
363 411 370 436 ,
380 380 439 445 quid
448 381 506 429 volo
512 382 590 446 potius
599 413 607 440 ,
615 380 682 436 sodes
690 416 698 442 ,
707 382 793 450 seciae!

316 497 577 550 'BACCH1&

624 582 706 644 Quid,
721 584 794 634 cedo!

348 673 554 722 LAcHn&

108 759 150 806 Eas
161 757 190 807 ad
203 757 310 810 mulieres
324 763 370 810 huc
379 765 461 819 intro,
474 776 545 826 atque
557 764 616 809 istuc
634 759 795 825 jusjurandum

175 846 239 894 idem

108 933 237 984 Polliceare
251 935 313 982 illis:
329 934 396 1000 exple
409 938 517 984 animum
527 935 571 994 iis,
582 949 651 1002 teque
661 938 707 985 hoc
717 937 795 986 crimi-

174 1033 206 1068 ne
215 1022 312 1086 expedi.
802 1039 849 1090 755

333 1115 568 1168 Bnecflln

107 1195 213 1244 Faciam:
224 1195 288 1262 quod
298 1197 356 1264 pol,
369 1202 390 1248 εἰ
396 1212 453 1248 esset
464 1199 511 1248 elia
522 1216 551 1250 ex
560 1203 606 1250 hoc
614 1213 716 1268 questu,
727 1197 794 1252 haud

171 1283 273 1342 faceret,
285 1289 346 1344 scio,

105 1377 140 1422 Ut
153 1371 182 1421 de
190 1373 233 1422 tali
244 1389 312 1424 causa
322 1391 399 1442 nupnae
409 1380 503 1428 mulieri
514 1396 537 1428 se
547 1376 694 1428 ostenderett

106 1459 149 1507 Sed
159 1461 219 1507 nolo
230 1459 288 1509 falsa
297 1461 360 1511 fama
370 1481 417 1512 esse
431 1479 529 1528 ganeum
540 1465 673 1526 Χειιιιιιθιιιιιι
690 1473 775 1520 tuum,

105 1546 157 1592 Nec
166 1543 280 1593 leviorem
291 1546 375 1602 vobin,
386 1547 471 1609 qmbus
480 1559 513 1592 est
524 1549 623 1594 minume
635 1561 727 1612 :quum
736 1577 744 1602 ,
754 1545 793 1595 vi·

172 1631 250 1680 detier

105 1723 230 1772 Immerito
244 1741 250 1772 ι
268 1738 324 1772 nam
341 1723 437 1790 meritus
452 1721 530 1772 deme
544 1736 595 1782 est,
609 1721 676 1788 quod
689 1735 792 1788 queam,

169 1811 207 1861 illi
218 1825 245 1860 ut
253 1813 416 1862 commodem.
801 1830 851 1882 7⁶⁰

348 1917 365 1960 L
383 1915 404 1962 Α
422 1917 443 1964 C
458 1917 481 1962 H
498 1917 514 1962 E
531 1917 554 1963 S.

106 2001 207 2052 Facilem
216 2035 223 2059 ‚
232 2003 423 2070 benevolumque
432 2005 514 2070 lingua
524 2018 565 2054 tue
575 2007 623 2069 jam
632 2005 681 2054 tibi·
688 2019 728 2054 me
739 2000 791 2050 red·

171 2090 247 2141 didite

104 2184 171 2230 Nam
180 2191 231 2223 ιιοιι
240 2191 294 2225 sunt
307 2174 487 2225 solaeetbittaeae
500 2177 548 2224 haee
560 2190 604 2240 ego
614 2176 708 2240 quoqne
717 2174 789 2223 etiam

92 2293 95 2298 ·
170 2263 278 2313 credidie,

105 2355 192 2410 Nunc,
206 2346 260 2398 nim
277 2364 322 2414 ego
336 2361 361 2398 te
376 2363 424 2398 esse
435 2359 516 2413 ptaetet
531 2358 635 2395 nostram
649 2343 789 2410 opinionem

171 2441 292 2502 comperi,

103 2516 148 2578 P'ae
165 2525 247 2574 eadem
263 2537 288 2573 ut
307 2523 337 2572 eie
351 2535 442 2586 porto:
458 2532 539 2572 nostra
552 2531 616 2567 utere
629 2515 734 2566 amicitia
741 2547 750 2577 ,
762 2527 789 2566 ut

170 2615 247 2667 voles.
266 2653 269 2660 ,
