2154 3652
384 241 675 325 PHORMIOE
820 263 885 342 up

417 391 435 436 1>
451 391 475 436 ii
492 391 521 438 Ε
536 391 559 438 D
575 389 598 437 R
614 389 624 434 l
642 387 675 436 Α.

201 477 224 528 si
234 487 283 536 est,
295 487 393 546 patene,
404 474 498 542 culpam
512 488 539 524 ut
554 475 662 540 Antipho
677 473 702 522 in
714 489 738 524 se
748 470 882 536 admiserit,
899 489 947 538 apo

201 567 234 615 Ex
243 581 290 631 qua
300 579 323 614 tc
333 566 412 614 minue
422 564 453 614 rei
463 561 539 622 foret,
548 577 589 612 aut
600 561 669 612 fursee
679 575 809 628 temperans
819 581 825 612 ι

200 657 261 704 Non
269 667 364 702 causam
374 649 445 708 dico,
457 652 532 716 quin,
544 649 610 718 quod
621 652 771 710 metuntur,
785 647 861 702 setar:

200 741 262 800 sed,
276 739 359 805 siquis
368 735 430 786 forte
440 734 533 785 malitia
545 735 618 786 fretus
627 753 670 788 sua
676 770 686 797 ,

201 829 301 880 Insidiae
314 843 399 878 nottrae
409 825 464 876 fecit
476 823 651 882 adolescentie,

201 917 238 963 ilc
247 917 319 966 vicits
329 909 433 962 nostrin'
445 909 514 976 culpa
526 925 554 958 ea
566 924 616 968 est,
633 925 665 980 an
677 909 798 976 indicunt,
896 937 944 988 ¹75

200 1003 249 1062 Qui
260 1018 317 1068 saepe
327 1015 423 1068 psopter
431 1001 549 1050 invidiam
559 999 667 1050 adimunt
677 1001 764 1060 diviti,

199 1094 248 1142 dut
257 1103 351 1158 propter
362 1087 549 1140 misericordiam
560 1088 651 1138 addunt
661 1090 775 1156 pauperi?

474 1186 495 1230 G
510 1183 528 1230 E
543 1184 565 1228 'r
581 1181 613 1232 Α.

201 1270 235 1320 Ni
244 1285 337 1322 norum
345 1287 455 1330 causam,
470 1271 588 1322 crederem
601 1287 656 1324 vera
667 1273 730 1322 hnuc
741 1271 817 1340 loqui.

417 1381 440 1424 l)
456 1380 472 1423 E
488 1379 516 1424 M
533 1378 544 1422 i
561 1380 576 1422 Ρ
593 1380 617 1424 H
633 1379 664 1424 0.

201 1460 241 1508 An
251 1459 375 1527 quitquam
388 1460 456 1525 judex
467 1473 517 1518 ear,
528 1463 569 1526 qui
579 1463 651 1526 possit
663 1475 756 1510 nouere

199 1552 250 1596 Tua
261 1553 337 1614 justa,
349 1551 390 1598 ubi
398 1548 448 1600 trite
458 1549 558 1599 verbum
566 1563 617 1598 non
627 1549 780 1616 respondeas,
896 1559 943 1606 alio

199 1640 237 1686 lta
247 1650 273 1686 ut
282 1635 402 1690 iliefeeue

414 1729 471 1775 PH
488 1727 515 1773 AE
530 1730 553 1775 D
570 1729 591 1774 R
608 1730 619 1774 1
637 1726 668 1776 Α.

424 1819 522 1865 Fundus
533 1811 700 1863 adolescentuli
712 1825 746 1862 cst

198 1902 310 1954 Officium
319 1902 432 1954 liberalis.
448 1911 577 1973 Postquam
585 1903 616 1954 ad
627 1903 714 1967 judicet

197 1993 303 2040 Ventum
312 2003 419 2047 est,non
427 1993 506 2059 pontit
515 1995 619 2058 cogitata
627 1990 753 2058 proloqui:

197 2079 236 2124 ira
248 2091 302 2126 eum
315 2087 368 2124 turn
378 2073 490 2124 timidum
503 2073 537 2122 ibi
550 2075 704 2142 obstupefecit
714 2078 801 2145 pudor.

474 2165 494 2208 G
510 2165 526 2210 ii
542 2165 563 2210 T
579 2165 611 2214 A.

199 2243 281 2294 Laudo
289 2244 367 2293 hunc:
379 2241 418 2292 sed
428 2259 491 2322 cesso
501 2245 566 2295 adite
575 2249 751 2315 quamprimum
762 2259 854 2302 senemr
896 2259 940 2318 2⁸5

198 2336 262 2384 Here
268 2366 277 2394 ‚
288 2331 370 2388 salve:
384 2331 478 2383 salvum
489 2347 513 2382 te
522 2332 642 2386 advenisse
652 2335 753 2402 gaudeo.

418 2417 668 2512 neminum

148 2605 149 2609 ’
200 2601 265 2648 Bone
275 2609 365 2657 custos,
375 2596 453 2654 salve,
463 2597 574 2649 columen
583 2617 641 2652 vero
654 2602 769 2666 smilion,

201 2683 424 2739 Cultommendtvi
436 2682 514 2736 filiurn
522 2717 531 2747 ,
548 2689 605 2738 hinc
618 2689 712 2749 abiens,
727 2707 828 2747 meum*
870 2707 875 2718 ·

691 2785 717 2834 Ν
736 2797 748 2844 i
